
<record>
  <leader>03498ccm a2200433 i 4500</leader>
  <controlfield tag="001">18710810</controlfield>
  <controlfield tag="005">20200103103910.0</controlfield>
  <controlfield tag="008">150722t20132013nyuuu||        n  | eng d</controlfield>
  <datafield tag="906" ind1=" " ind2=" ">
    <subfield code="a">7</subfield>
    <subfield code="b">cbc</subfield>
    <subfield code="c">copycat</subfield>
    <subfield code="d">2</subfield>
    <subfield code="e">ncip</subfield>
    <subfield code="f">20</subfield>
    <subfield code="g">y-genmusic</subfield>
  </datafield>
  <datafield tag="925" ind1="0" ind2=" ">
    <subfield code="a">acquire</subfield>
    <subfield code="b">1 shelf copy</subfield>
    <subfield code="x">policy default</subfield>
  </datafield>
  <datafield tag="955" ind1=" " ind2=" ">
    <subfield code="a">vl34 2015-07-22 z-client</subfield>
    <subfield code="i">vl34 2015-07-22</subfield>
    <subfield code="e">vl34 2015-07-22 MP3 format to MBRS for shelf label</subfield>
    <subfield code="t">vl34 2015-07-22 copy 2  MP3 format disc to MBRS for shelf label</subfield>
    <subfield code="a">vk00 2016-04-29</subfield>
    <subfield code="a">vk73 2016-04-29 telework subj auth</subfield>
    <subfield code="e">vl34 2016-06-02 c. 1 to Music Division</subfield>
    <subfield code="t">vl34 2016-06-02 c. 2 to Music Division</subfield>
    <subfield code="e">vl39 2016-06-06 to BCCD c.1-2</subfield>
  </datafield>
  <datafield tag="010" ind1=" " ind2=" ">
    <subfield code="a">  2015563575</subfield>
  </datafield>
  <datafield tag="020" ind1=" " ind2=" ">
    <subfield code="a">9780825893513</subfield>
  </datafield>
  <datafield tag="020" ind1=" " ind2=" ">
    <subfield code="a">0825893518</subfield>
  </datafield>
  <datafield tag="024" ind1="1" ind2=" ">
    <subfield code="a">798408093518</subfield>
  </datafield>
  <datafield tag="028" ind1="2" ind2="2">
    <subfield code="a">WF141</subfield>
    <subfield code="b">Carl Fischer</subfield>
  </datafield>
  <datafield tag="035" ind1=" " ind2=" ">
    <subfield code="a">(OCoLC)ocn858946083</subfield>
  </datafield>
  <datafield tag="035" ind1=" " ind2=" ">
    <subfield code="a">(OCoLC)858946083</subfield>
  </datafield>
  <datafield tag="040" ind1=" " ind2=" ">
    <subfield code="a">TDF</subfield>
    <subfield code="b">eng</subfield>
    <subfield code="e">rda</subfield>
    <subfield code="c">TDF</subfield>
    <subfield code="d">OCLCQ</subfield>
    <subfield code="d">CLE</subfield>
    <subfield code="d">DLC</subfield>
  </datafield>
  <datafield tag="042" ind1=" " ind2=" ">
    <subfield code="a">lccopycat</subfield>
  </datafield>
  <datafield tag="050" ind1="0" ind2="0">
    <subfield code="a">M253</subfield>
    <subfield code="b">.R47 2013</subfield>
  </datafield>
  <datafield tag="245" ind1="0" ind2="0">
    <subfield code="a">Repertoire classics for bassoon :</subfield>
    <subfield code="b">37 recital pieces for bassoon and piano accompaniment /</subfield>
    <subfield code="c">compiled and edited by Kevin Fuller.</subfield>
  </datafield>
  <datafield tag="264" ind1=" " ind2="1">
    <subfield code="a">New York :</subfield>
    <subfield code="b">Carl Fischer,</subfield>
    <subfield code="c">[2013]</subfield>
  </datafield>
  <datafield tag="264" ind1=" " ind2="4">
    <subfield code="c">©2013.</subfield>
  </datafield>
  <datafield tag="300" ind1=" " ind2=" ">
    <subfield code="a">1 score (48 pages) ;</subfield>
    <subfield code="c">30 cm +</subfield>
    <subfield code="e">1 audio disc (digital, PDF file, MP3 file ; 4 3/4 in.).</subfield>
  </datafield>
  <datafield tag="336" ind1=" " ind2=" ">
    <subfield code="a">notated music</subfield>
    <subfield code="b">ntm</subfield>
    <subfield code="2">rdacontent</subfield>
    <subfield code="3">book</subfield>
  </datafield>
  <datafield tag="336" ind1=" " ind2=" ">
    <subfield code="a">performed music</subfield>
    <subfield code="b">prm</subfield>
    <subfield code="2">rdacontent</subfield>
    <subfield code="3">book</subfield>
  </datafield>
  <datafield tag="337" ind1=" " ind2=" ">
    <subfield code="a">unmediated</subfield>
    <subfield code="b">n</subfield>
    <subfield code="2">rdamedia</subfield>
    <subfield code="3">book</subfield>
  </datafield>
  <datafield tag="337" ind1=" " ind2=" ">
    <subfield code="a">computer</subfield>
    <subfield code="b">c</subfield>
    <subfield code="2">rdamedia</subfield>
    <subfield code="3">CD</subfield>
  </datafield>
  <datafield tag="338" ind1=" " ind2=" ">
    <subfield code="a">volume</subfield>
    <subfield code="b">nc</subfield>
    <subfield code="2">rdacarrier</subfield>
    <subfield code="3">book</subfield>
  </datafield>
  <datafield tag="344" ind1=" " ind2=" ">
    <subfield code="a">digital</subfield>
    <subfield code="g">stereo</subfield>
    <subfield code="2">rda</subfield>
    <subfield code="3">CD</subfield>
  </datafield>
  <datafield tag="347" ind1=" " ind2=" ">
    <subfield code="a">audio file</subfield>
    <subfield code="b">MP3</subfield>
    <subfield code="2">rda</subfield>
    <subfield code="3">CD</subfield>
  </datafield>
  <datafield tag="347" ind1=" " ind2=" ">
    <subfield code="a">text file</subfield>
    <subfield code="b">PDF</subfield>
    <subfield code="c">8,021KB</subfield>
    <subfield code="b">MP3</subfield>
    <subfield code="2">rda</subfield>
    <subfield code="3">CD</subfield>
  </datafield>
  <datafield tag="500" ind1=" " ind2=" ">
    <subfield code="a">&quot;CD includes MP3 files and PDF piano accompaniments&quot;--Cover.</subfield>
  </datafield>
  <datafield tag="505" ind1="0" ind2=" ">
    <subfield code="a">Aria, Bist du bei mir (If thou be near) / Johann Sebastian Bach -- Waltz, op. 39, no. 15 / Johannes Brahms -- Largo from Cello sonata, op. 65 / Frederic Chopin -- Gigue ; Sarabande / Arcangelo Corelli -- Rêverie / Claude Debussy -- Sicillenne, op. 78 / Gabriel Fauré -- Panis angelicus / César Franck -- Minstrel&apos;s song (Chant du ménestrel), op. 71 / Alexander Glazunov -- Andante / Christoph Willibald Gluck -- Gavotte ; Tambourin / François Joseph Gossec-- Ave Maria / Charles Gounod -- Bourrée / George Frideric Handel -- Serenade from String quartet no. 8, Hob. III: no. 17 / Franz Joseph Haydn -- Chanson Louis XIII and pavane (in the style of Couperin) ; Fair Rosmarin (Schön Rosmarin) / Fritz Kreisler -- Libestraum / Franz Liszt -- To a wild rose / Edward MacDowell -- Adagio and allegro / Benedetto Marcello -- Csárdás / Vittorio Monti -- Aria, &quot;Dove sono&quot; from The marriage of Figaro ; Ave verum corpus / Wolfgang Amadeus Mozart -- Fantastic polka / Arthur Pryor -- Tarantella / Gioachino Rossini -- The swan (Le Cygne) from Carnival of the animals / Camille Saint-Saëns -- Cradle song (Wiegenlied). op. 12, no. 2 ; A mountain maiden (Ländler), op. 12, no. 4 ; A song (Lied), op. 12, no. 1 / Hugo Schlemüller -- Ave Maria, op. 52, no. 6 / Franz Schubert -- Dreaming from Scenes from childhood (Träumeri aus den Kindescenen), op. 15, no. 7 / Robert Schuman -- At morn (Joyeuse) ; At twilight (Triste) ; Fairy tales (L&apos;innocense) / William Henry Squire -- Andante / Piotr Ilyich Tchaikovksy -- Serenade / Enrico Toselli -- Londonderry air / Traditional.</subfield>
  </datafield>
  <datafield tag="546" ind1=" " ind2=" ">
    <subfield code="b">Staff notation.</subfield>
  </datafield>
  <datafield tag="650" ind1=" " ind2="0">
    <subfield code="a">Bassoon and piano music, Arranged</subfield>
    <subfield code="v">Scores and parts.</subfield>
  </datafield>
  <datafield tag="650" ind1=" " ind2="0">
    <subfield code="a">Recorded accompaniments (Bassoon)</subfield>
  </datafield>
  <datafield tag="700" ind1="1" ind2=" ">
    <subfield code="a">Fuller, Kevin,</subfield>
    <subfield code="d">1958-</subfield>
    <subfield code="e">compiler,</subfield>
    <subfield code="e">editor.</subfield>
  </datafield>
</record>