
<record>
  <leader>03390cam a22003377i 4500</leader>
  <controlfield tag="001">18718125</controlfield>
  <controlfield tag="005">20200103150503.0</controlfield>
  <controlfield tag="008">150727s2016    mau      b    001 0 eng  </controlfield>
  <datafield tag="906" ind1=" " ind2=" ">
    <subfield code="a">7</subfield>
    <subfield code="b">cbc</subfield>
    <subfield code="c">orignew</subfield>
    <subfield code="d">1</subfield>
    <subfield code="e">ecip</subfield>
    <subfield code="f">20</subfield>
    <subfield code="g">y-gencatlg</subfield>
  </datafield>
  <datafield tag="925" ind1="0" ind2=" ">
    <subfield code="a">acquire</subfield>
    <subfield code="b">2 shelf copies</subfield>
    <subfield code="x">policy default (ex.)</subfield>
  </datafield>
  <datafield tag="955" ind1=" " ind2=" ">
    <subfield code="b">rm13 2015-07-27</subfield>
    <subfield code="i">rm13 2015-07-27 (telework)</subfield>
    <subfield code="w">xl03 2015-07-28</subfield>
    <subfield code="a">xn05 2016-01-12 1 copy rec&apos;d., to CIP ver.</subfield>
    <subfield code="f">rm06 2016-01-28 to CALM</subfield>
    <subfield code="t">rm11 2016-02-04 copy 2 to CALM</subfield>
  </datafield>
  <datafield tag="010" ind1=" " ind2=" ">
    <subfield code="a">  2015028925</subfield>
  </datafield>
  <datafield tag="020" ind1=" " ind2=" ">
    <subfield code="a">9789004274211 (hardback : alk. paper)</subfield>
  </datafield>
  <datafield tag="020" ind1=" " ind2=" ">
    <subfield code="z">9789004274228 (e-book)</subfield>
  </datafield>
  <datafield tag="040" ind1=" " ind2=" ">
    <subfield code="a">DLC</subfield>
    <subfield code="b">eng</subfield>
    <subfield code="c">DLC</subfield>
    <subfield code="e">rda</subfield>
    <subfield code="d">DLC</subfield>
  </datafield>
  <datafield tag="043" ind1=" " ind2=" ">
    <subfield code="a">a-ko---</subfield>
  </datafield>
  <datafield tag="050" ind1="0" ind2="0">
    <subfield code="a">HF5429.6.K6</subfield>
    <subfield code="b">Y5 2016</subfield>
  </datafield>
  <datafield tag="082" ind1="0" ind2="0">
    <subfield code="a">381/.1095195</subfield>
    <subfield code="2">23</subfield>
  </datafield>
  <datafield tag="100" ind1="1" ind2=" ">
    <subfield code="a">Yi, Jong-Hyun.</subfield>
  </datafield>
  <datafield tag="245" ind1="1" ind2="0">
    <subfield code="a">History of Korean modern retailing :</subfield>
    <subfield code="b">repressed consumption and retail industry, perceived equality and economic growth /</subfield>
    <subfield code="c">by Jong-Hyun Yi.</subfield>
  </datafield>
  <datafield tag="264" ind1=" " ind2="1">
    <subfield code="a">Boston :</subfield>
    <subfield code="b">Brill,</subfield>
    <subfield code="c">[2016]</subfield>
  </datafield>
  <datafield tag="300" ind1=" " ind2=" ">
    <subfield code="a">xviii, 268 pages ;</subfield>
    <subfield code="c">25 cm</subfield>
  </datafield>
  <datafield tag="336" ind1=" " ind2=" ">
    <subfield code="a">text</subfield>
    <subfield code="2">rdacontent</subfield>
  </datafield>
  <datafield tag="337" ind1=" " ind2=" ">
    <subfield code="a">unmediated</subfield>
    <subfield code="2">rdamedia</subfield>
  </datafield>
  <datafield tag="338" ind1=" " ind2=" ">
    <subfield code="a">volume</subfield>
    <subfield code="2">rdacarrier</subfield>
  </datafield>
  <datafield tag="504" ind1=" " ind2=" ">
    <subfield code="a">Includes bibliographical references (pages 235-259) and index.</subfield>
  </datafield>
  <datafield tag="505" ind1="0" ind2=" ">
    <subfield code="a">Acknowledgements -- Laws and regulations of the retail industry -- Note on romanisation -- Theories and framework -- Introduction -- Literature review -- Theoretical framework -- Hypotheses -- Data and methodology -- Backward, unstratified retail industry and rapid economic growth in the 1970s -- Overview of rapid economic growth in the 1970s -- Backwardness of the retail industry in the 1970s -- Consumption repression, frugal consumers and passive retail industry in rapid economic growth in the 1970s -- Collective behaviour of frugal consumers in the 1970s -- The limitation of department stores -- Modernising, stratifying retail industry and rapid economic growth since the 1980s: the golden age of the department store industry I -- The state of inequality since the 1980s -- Stratifying retail industry in expansion of the retail industry : modern department store vs. traditional market -- Consumption liberalisation, aggressive consumers and active retail industry in rapid economic growth since the 1980s -- The change of the political environment -- The beginning and the expansion of consumer finance -- Emergence of mass consumption -- The change of strategy by the department store industry -- The stratified retail industry and the sign of relatively low economic growth since the middle of the 1990s : the golden age of the department store industry II -- The financial crisis and lower economic growth since the mid-1990s -- The aggravation of inequality and the shrinking of consumption -- Return of the department stores to luxury goods with the stratification of the retail industry -- Distinctive evolution of Korean retailing : theoretical consideration and contemporary developments -- The short heyday of the department store -- The limitation of the conflict theory in the korean retail industry -- The different trajectory of retail evolution : the Korean-style discount store format -- Conclusion -- Epilogue: Korean retailing since the 2000s -- Bibliography -- Index.</subfield>
  </datafield>
  <datafield tag="650" ind1=" " ind2="0">
    <subfield code="a">Retail trade</subfield>
    <subfield code="z">Korea (South)</subfield>
    <subfield code="x">History.</subfield>
  </datafield>
  <datafield tag="650" ind1=" " ind2="0">
    <subfield code="a">Department stores</subfield>
    <subfield code="z">Korea (South)</subfield>
    <subfield code="x">History.</subfield>
  </datafield>
  <datafield tag="650" ind1=" " ind2="0">
    <subfield code="a">Economic development</subfield>
    <subfield code="z">Korea (South)</subfield>
    <subfield code="x">History.</subfield>
  </datafield>
  <datafield tag="650" ind1=" " ind2="0">
    <subfield code="a">Social stratification</subfield>
    <subfield code="z">Korea (South)</subfield>
    <subfield code="x">History.</subfield>
  </datafield>
</record>