
<record>
  <leader>05492cam a22003617i 4500</leader>
  <controlfield tag="001">18724125</controlfield>
  <controlfield tag="005">20200103150504.0</controlfield>
  <controlfield tag="008">150731s2016    nyu      b    001 0 eng  </controlfield>
  <datafield tag="906" ind1=" " ind2=" ">
    <subfield code="a">7</subfield>
    <subfield code="b">cbc</subfield>
    <subfield code="c">orignew</subfield>
    <subfield code="d">1</subfield>
    <subfield code="e">ecip</subfield>
    <subfield code="f">20</subfield>
    <subfield code="g">y-gencatlg</subfield>
  </datafield>
  <datafield tag="925" ind1="0" ind2=" ">
    <subfield code="a">acquire</subfield>
    <subfield code="b">1 shelf copy</subfield>
    <subfield code="x">policy default</subfield>
    <subfield code="e">claim1  2016-01-05</subfield>
    <subfield code="e">claim2  2016-05-03</subfield>
  </datafield>
  <datafield tag="955" ind1=" " ind2=" ">
    <subfield code="b">rm13 2015-07-31</subfield>
    <subfield code="i">rm13 2015-07-31 ONIX (telework)</subfield>
    <subfield code="w">xl03 2015-07-31</subfield>
    <subfield code="a">xn12 2016-06-07 1 copy rec&apos;d., to CIP ver.</subfield>
    <subfield code="f">rm06 2016-06-18 to CALM</subfield>
  </datafield>
  <datafield tag="010" ind1=" " ind2=" ">
    <subfield code="a">  2015020655</subfield>
  </datafield>
  <datafield tag="020" ind1=" " ind2=" ">
    <subfield code="a">9781107095526 (hardback)</subfield>
  </datafield>
  <datafield tag="020" ind1=" " ind2=" ">
    <subfield code="a">9781107479371 (paperback)</subfield>
  </datafield>
  <datafield tag="040" ind1=" " ind2=" ">
    <subfield code="a">DLC</subfield>
    <subfield code="b">eng</subfield>
    <subfield code="c">DLC</subfield>
    <subfield code="e">rda</subfield>
    <subfield code="d">DLC</subfield>
  </datafield>
  <datafield tag="050" ind1="0" ind2="0">
    <subfield code="a">HD2731</subfield>
    <subfield code="b">.B87 2016</subfield>
  </datafield>
  <datafield tag="082" ind1="0" ind2="0">
    <subfield code="a">323</subfield>
    <subfield code="2">23</subfield>
  </datafield>
  <datafield tag="245" ind1="0" ind2="4">
    <subfield code="a">The business and human rights landscape :</subfield>
    <subfield code="b">moving forward, looking back /</subfield>
    <subfield code="c">edited by Jena Martin, West Virginia University College of Law, Karen E. Bravo, Indiana University School of Law.</subfield>
  </datafield>
  <datafield tag="264" ind1=" " ind2="1">
    <subfield code="a">New York :</subfield>
    <subfield code="b">Cambridge University Press,</subfield>
    <subfield code="c">2016.</subfield>
  </datafield>
  <datafield tag="300" ind1=" " ind2=" ">
    <subfield code="a">xxi, 600 pages ;</subfield>
    <subfield code="c">24 cm</subfield>
  </datafield>
  <datafield tag="336" ind1=" " ind2=" ">
    <subfield code="a">text</subfield>
    <subfield code="2">rdacontent</subfield>
  </datafield>
  <datafield tag="337" ind1=" " ind2=" ">
    <subfield code="a">unmediated</subfield>
    <subfield code="2">rdamedia</subfield>
  </datafield>
  <datafield tag="338" ind1=" " ind2=" ">
    <subfield code="a">volume</subfield>
    <subfield code="2">rdacarrier</subfield>
  </datafield>
  <datafield tag="520" ind1=" " ind2=" ">
    <subfield code="a">&quot;The adoption of the United Nations Guiding Principles on Business and Human Rights in 2011 marked a watershed moment, establishing the first global standards for preventing human rights abuses by business. In light of this paradigm shift, The Business and Human Rights Landscape offers the most comprehensive analysis to date of the current legal framework. Its essential research tools include in-depth explorations of the UN Guiding Principles from both theoretical and practical standpoints, with case studies of the Rana Plaza building collapse and Kenyan resource extraction. Bookending current analyses are accounts of business and human rights from a historical perspective (discussing the colonial slave trade) and using a forward-looking lens (analyzing labor&apos;s role). Bringing together scholars from across the globe, this book represents essential reading for anyone interested in the past, present, or future of business and human rights&quot;--</subfield>
    <subfield code="c">Provided by publisher.</subfield>
  </datafield>
  <datafield tag="504" ind1=" " ind2=" ">
    <subfield code="a">Includes bibliographical references and index.</subfield>
  </datafield>
  <datafield tag="505" ind1="8" ind2=" ">
    <subfield code="a">Machine generated contents note: Introduction. More of the same? Or introduction of a new paradigm? Karen E. Bravo and Jena Martin; Part I. Looking Back: The Historical Context of Business and Human Rights: 1. The enterprise of empire: evolving understandings of corporate identity and responsibility Erika R. George; 2. The Arab League boycott of Israel: warring histories, international trade, and human rights James J. Friedberg; 3. Multi-stakeholder initiatives and the evolution of the business and human rights discourse: lessons from the Kimberley Process and conflict diamonds Atabongawung Tamo; 4. Business and human rights after Ruggie&apos;s mandate: feasible next steps Alexandra Popova; Part II. The Framework: Examining the Relevant Principles that Underlie a Business and Human Rights Agenda: 5. Business, respect, and human rights George G. Brenkert; 6. Global need: rethinking business norms Patricia Illingworth; 7. Corporate accountability for human rights: from top-down towards a bottom-up approach Jernej Letnar &amp;#268;erni&amp;#269;; 8. Living in a material world - from naming and shaming to knowing and showing: will new disclosure regimes finally drive corporate accountability for human rights? Marcia L. Narine; 9. Democratizing the global business and human rights project by catalyzing strategic litigation from the bottom up Larry Cat&amp;#225; Backer, Nabih Haddad, Tomonori Teraoka and Keren Wang; 10. The impact of the &apos;Ruggie Framework&apos; and the United Nations Guiding Principles on Business and Human Rights on transnational human rights litigation Astrid Sanders; 11. The third pillar: remedies, reparations, and the Ruggie principles Jonathan Drimmer and Lisa J. Laplante; 12. The evolving business and society landscape: can human rights make a difference? Michael Addo and Jena Martin; Part III. Moving Forward: Implementing a Business and Human Rights Agenda: 13. From principles to practice: implementing corporate responsibility for human rights Justine Nolan; 14. Business, human rights, and due diligence: an approach for contractual integration Blair E. Kanis; 15. Corporate codes of conduct and working conditions in the global supply chain: accountability through transparency in private ordering Meredith R. Miller; 16. Transnational businesses, the right to safe working conditions, and the Rana Plaza building collapse: toward a tort-based solution to the global race to the bottom Ashton S. Phillips; 17. The United Nations Guiding Principles on Business and Human Rights in the European Union: from regional action to national implementation Humberto Cant&amp;#250; Rivera; 18. China&apos;s corporate social responsibility with national characteristics: coherence and dissonance with the global business and human rights project Larry Cat&amp;#225; Backer; 19. Avoiding the resource curse: applying the Guiding Principles in Kenya Nyakundi M. Michieka and Dustin Blankenship; 20. Business and human rights: a call for labor liberalization Karen E. Bravo.</subfield>
  </datafield>
  <datafield tag="650" ind1=" " ind2="0">
    <subfield code="a">Business enterprises</subfield>
    <subfield code="x">Social aspects.</subfield>
  </datafield>
  <datafield tag="650" ind1=" " ind2="0">
    <subfield code="a">Human rights.</subfield>
  </datafield>
  <datafield tag="650" ind1=" " ind2="0">
    <subfield code="a">Business enterprises</subfield>
    <subfield code="x">Law and legislation.</subfield>
  </datafield>
  <datafield tag="650" ind1=" " ind2="0">
    <subfield code="a">Social responsibility of business.</subfield>
  </datafield>
  <datafield tag="700" ind1="1" ind2=" ">
    <subfield code="a">Martin, Jena,</subfield>
    <subfield code="d">1973-</subfield>
    <subfield code="e">editor.</subfield>
  </datafield>
  <datafield tag="700" ind1="1" ind2=" ">
    <subfield code="a">Bravo, Karen E.,</subfield>
    <subfield code="d">1964-</subfield>
    <subfield code="e">editor.</subfield>
  </datafield>
  <datafield tag="856" ind1="4" ind2="2">
    <subfield code="3">Cover image</subfield>
    <subfield code="u">http://assets.cambridge.org/97811070/95526/cover/9781107095526.jpg</subfield>
  </datafield>
</record>