
<record>
  <leader>01882cam a2200433 i 4500</leader>
  <controlfield tag="001">18726084</controlfield>
  <controlfield tag="005">20200103151809.0</controlfield>
  <controlfield tag="008">150801s2014    bl a     c    000 0 por d</controlfield>
  <datafield tag="906" ind1=" " ind2=" ">
    <subfield code="a">7</subfield>
    <subfield code="b">cbc</subfield>
    <subfield code="c">copycat</subfield>
    <subfield code="d">2</subfield>
    <subfield code="e">ncip</subfield>
    <subfield code="f">20</subfield>
    <subfield code="g">y-gencatlg</subfield>
  </datafield>
  <datafield tag="925" ind1="0" ind2=" ">
    <subfield code="a">acquire</subfield>
    <subfield code="b">1 shelf copy</subfield>
    <subfield code="x">policy default</subfield>
  </datafield>
  <datafield tag="955" ind1=" " ind2=" ">
    <subfield code="b">wr08 2019-11-26 z-processor</subfield>
    <subfield code="c">wr08 2019-11-26</subfield>
    <subfield code="d">wr08 2019-11-26</subfield>
    <subfield code="e">wr08 2019-11-26 to Dewey</subfield>
    <subfield code="c">wr08 2020-01-03</subfield>
  </datafield>
  <datafield tag="955" ind1=" " ind2=" ">
    <subfield code="b">wr14 2016-11-23 z-processor</subfield>
  </datafield>
  <datafield tag="010" ind1=" " ind2=" ">
    <subfield code="a">  2016321411</subfield>
  </datafield>
  <datafield tag="020" ind1=" " ind2=" ">
    <subfield code="a">9788588642904</subfield>
  </datafield>
  <datafield tag="020" ind1=" " ind2=" ">
    <subfield code="a">8588642905</subfield>
  </datafield>
  <datafield tag="035" ind1=" " ind2=" ">
    <subfield code="a">(OCoLC)ocn898474156</subfield>
  </datafield>
  <datafield tag="040" ind1=" " ind2=" ">
    <subfield code="a">SBACH</subfield>
    <subfield code="b">eng</subfield>
    <subfield code="c">SBACH</subfield>
    <subfield code="e">rda</subfield>
    <subfield code="d">OCLCQ</subfield>
    <subfield code="d">MZA</subfield>
    <subfield code="d">OCLCO</subfield>
    <subfield code="d">NYP</subfield>
    <subfield code="d">OCLCO</subfield>
    <subfield code="d">OCLCF</subfield>
    <subfield code="d">DLC</subfield>
  </datafield>
  <datafield tag="041" ind1="0" ind2=" ">
    <subfield code="a">por</subfield>
    <subfield code="a">eng</subfield>
  </datafield>
  <datafield tag="042" ind1=" " ind2=" ">
    <subfield code="a">lcode</subfield>
    <subfield code="a">lccopycat</subfield>
  </datafield>
  <datafield tag="050" ind1="0" ind2="0">
    <subfield code="a">TR647</subfield>
    <subfield code="b">.B435 2014</subfield>
  </datafield>
  <datafield tag="100" ind1="1" ind2=" ">
    <subfield code="a">Becker, Isabel,</subfield>
    <subfield code="d">1964-</subfield>
    <subfield code="e">photographer.</subfield>
  </datafield>
  <datafield tag="240" ind1="1" ind2="0">
    <subfield code="a">Photographs.</subfield>
    <subfield code="k">Selections</subfield>
  </datafield>
  <datafield tag="245" ind1="1" ind2="0">
    <subfield code="a">Isabel Becker :</subfield>
    <subfield code="b">fotografias : amor, família, amigos, diversão = Love, family, friends, fun /</subfield>
    <subfield code="c">edição, conceito e projeto gráfico, Isabel Becker ; versão, Liana Bacellar.</subfield>
  </datafield>
  <datafield tag="264" ind1=" " ind2="1">
    <subfield code="a">[Rio de Janeiro, Brazil] :</subfield>
    <subfield code="b">Outras Letras,</subfield>
    <subfield code="c">[2014]</subfield>
  </datafield>
  <datafield tag="300" ind1=" " ind2=" ">
    <subfield code="a">148 pages :</subfield>
    <subfield code="b">chiefly illustrations (some color) ;</subfield>
    <subfield code="c">24 cm</subfield>
  </datafield>
  <datafield tag="336" ind1=" " ind2=" ">
    <subfield code="a">still image</subfield>
    <subfield code="b">sti</subfield>
    <subfield code="2">rdacontent</subfield>
  </datafield>
  <datafield tag="336" ind1=" " ind2=" ">
    <subfield code="a">text</subfield>
    <subfield code="b">txt</subfield>
    <subfield code="2">rdacontent</subfield>
  </datafield>
  <datafield tag="337" ind1=" " ind2=" ">
    <subfield code="a">unmediated</subfield>
    <subfield code="b">n</subfield>
    <subfield code="2">rdamedia</subfield>
  </datafield>
  <datafield tag="338" ind1=" " ind2=" ">
    <subfield code="a">volume</subfield>
    <subfield code="b">nc</subfield>
    <subfield code="2">rdacarrier</subfield>
  </datafield>
  <datafield tag="546" ind1=" " ind2=" ">
    <subfield code="a">Prefatory matter in Portuguese and English.</subfield>
  </datafield>
  <datafield tag="600" ind1="1" ind2="0">
    <subfield code="a">Becker, Isabel,</subfield>
    <subfield code="d">1964-</subfield>
    <subfield code="v">Catalogs.</subfield>
  </datafield>
  <datafield tag="650" ind1=" " ind2="0">
    <subfield code="a">Commercial photography</subfield>
    <subfield code="v">Catalogs.</subfield>
  </datafield>
  <datafield tag="650" ind1=" " ind2="0">
    <subfield code="a">Photography, Artistic</subfield>
    <subfield code="v">Catalogs.</subfield>
  </datafield>
  <datafield tag="650" ind1=" " ind2="7">
    <subfield code="a">Commercial photography.</subfield>
    <subfield code="2">fast</subfield>
    <subfield code="0">(OCoLC)fst00869562</subfield>
  </datafield>
  <datafield tag="650" ind1=" " ind2="7">
    <subfield code="a">Photography, Artistic.</subfield>
    <subfield code="2">fast</subfield>
    <subfield code="0">(OCoLC)fst01061964</subfield>
  </datafield>
  <datafield tag="655" ind1=" " ind2="7">
    <subfield code="a">Catalogs.</subfield>
    <subfield code="2">fast</subfield>
    <subfield code="0">(OCoLC)fst01423692</subfield>
  </datafield>
  <datafield tag="700" ind1="1" ind2="2">
    <subfield code="i">Container of (work):</subfield>
    <subfield code="a">Becker, Isabel,</subfield>
    <subfield code="d">1964-</subfield>
    <subfield code="t">Isabel Becker.</subfield>
  </datafield>
  <datafield tag="700" ind1="1" ind2="2">
    <subfield code="i">Container of (expression):</subfield>
    <subfield code="a">Becker, Isabel,</subfield>
    <subfield code="d">1964-</subfield>
    <subfield code="t">Isabel Becker.</subfield>
    <subfield code="l">English.</subfield>
  </datafield>
  <datafield tag="985" ind1=" " ind2=" ">
    <subfield code="e">ODE-rj</subfield>
  </datafield>
</record>