
<record>
  <leader>01803cam a22003257i 4500</leader>
  <controlfield tag="001">18729024</controlfield>
  <controlfield tag="005">20200103120726.0</controlfield>
  <controlfield tag="008">150804s2015    ru a          000 0 rus  </controlfield>
  <datafield tag="906" ind1=" " ind2=" ">
    <subfield code="a">7</subfield>
    <subfield code="b">cbc</subfield>
    <subfield code="c">orignew</subfield>
    <subfield code="d">3</subfield>
    <subfield code="e">ncip</subfield>
    <subfield code="f">20</subfield>
    <subfield code="g">y-nonroman</subfield>
  </datafield>
  <datafield tag="925" ind1="0" ind2=" ">
    <subfield code="a">acquire</subfield>
    <subfield code="b">1 shelf copy</subfield>
    <subfield code="x">policy default</subfield>
  </datafield>
  <datafield tag="955" ind1=" " ind2=" ">
    <subfield code="b">fe06 2015-08-04 to cat. to cat.</subfield>
    <subfield code="a">fe00 2015-08-04 to GS/RUS</subfield>
    <subfield code="h">fe12 2019-03-18 to shelf</subfield>
  </datafield>
  <datafield tag="010" ind1=" " ind2=" ">
    <subfield code="a">  2015434626</subfield>
  </datafield>
  <datafield tag="020" ind1=" " ind2=" ">
    <subfield code="a">9785916040036 (pbk.)</subfield>
  </datafield>
  <datafield tag="040" ind1=" " ind2=" ">
    <subfield code="a">DLC</subfield>
    <subfield code="b">eng</subfield>
    <subfield code="e">rda</subfield>
    <subfield code="c">DLC</subfield>
  </datafield>
  <datafield tag="050" ind1="0" ind2="0">
    <subfield code="a">MLCS 2019/41303 (D)</subfield>
  </datafield>
  <datafield tag="066" ind1=" " ind2=" ">
    <subfield code="c">(N</subfield>
  </datafield>
  <datafield tag="245" ind1="0" ind2="0">
    <subfield code="6">880-01</subfield>
    <subfield code="a">Krym i Donbass :</subfield>
    <subfield code="b">god posle gosudarstvennogo perevorota na Ukraine Sbornik nauchnykh stateĭ /</subfield>
    <subfield code="c">Otvetstvennyĭ redaktor V.V. Chernous.</subfield>
  </datafield>
  <datafield tag="880" ind1="0" ind2="0">
    <subfield code="6">245-01/(N</subfield>
    <subfield code="a">Крым и Донбасс :</subfield>
    <subfield code="b">год после государственного переворота на Украине Сборник научных статей /</subfield>
    <subfield code="c">Ответственный редактор В.В. Черноус.</subfield>
  </datafield>
  <datafield tag="264" ind1=" " ind2="1">
    <subfield code="6">880-02</subfield>
    <subfield code="a">Moskava ;</subfield>
    <subfield code="a">Rostov-na-Donu :</subfield>
    <subfield code="b">Sot︠s︡ialʹno-gumanitarnye znanii︠a︡,</subfield>
    <subfield code="c">2015.</subfield>
  </datafield>
  <datafield tag="880" ind1=" " ind2="1">
    <subfield code="6">264-02/(N</subfield>
    <subfield code="a">Москава ;</subfield>
    <subfield code="a">Ростов-на-Дону :</subfield>
    <subfield code="b">Социально-гуманитарные знания,</subfield>
    <subfield code="c">2015.</subfield>
  </datafield>
  <datafield tag="300" ind1=" " ind2=" ">
    <subfield code="a">199 pages :</subfield>
    <subfield code="b">illustrations ;</subfield>
    <subfield code="c">20 cm</subfield>
  </datafield>
  <datafield tag="336" ind1=" " ind2=" ">
    <subfield code="a">text</subfield>
    <subfield code="b">txt</subfield>
    <subfield code="2">rdacontent</subfield>
  </datafield>
  <datafield tag="337" ind1=" " ind2=" ">
    <subfield code="a">unmediated</subfield>
    <subfield code="b">n</subfield>
    <subfield code="2">rdamedia</subfield>
  </datafield>
  <datafield tag="338" ind1=" " ind2=" ">
    <subfield code="a">volume</subfield>
    <subfield code="b">nc</subfield>
    <subfield code="2">rdacarrier</subfield>
  </datafield>
  <datafield tag="490" ind1="0" ind2=" ">
    <subfield code="6">880-03</subfield>
    <subfield code="a">I︠U︡zhnorossiĭskoe obozrenie</subfield>
    <subfield code="v">Vypusk 88</subfield>
  </datafield>
  <datafield tag="880" ind1="0" ind2=" ">
    <subfield code="6">490-03/(N</subfield>
    <subfield code="a">Южнороссийское обозрение</subfield>
    <subfield code="v">Vypusk 88</subfield>
  </datafield>
  <datafield tag="500" ind1=" " ind2=" ">
    <subfield code="a">At head of title: T︠S︡entr regionalʹnyĭ issledovaniĭ Instituta sot︠s︡ialogii i regionovedenii︠a︡ I︠U︡zhnogo federalʹnogo universiteta.</subfield>
  </datafield>
  <datafield tag="653" ind1="0" ind2=" ">
    <subfield code="a">Ukraine;</subfield>
    <subfield code="a">History ;</subfield>
    <subfield code="a">Euromaidan Protests, 2013-2014</subfield>
  </datafield>
  <datafield tag="700" ind1="1" ind2=" ">
    <subfield code="a">Chernous, V. V.,</subfield>
    <subfield code="e">executive editor.</subfield>
  </datafield>
  <datafield tag="923" ind1=" " ind2=" ">
    <subfield code="d">ap</subfield>
  </datafield>
</record>