
<record>
  <leader>06125cam a2200553 i 4500</leader>
  <controlfield tag="001">18736179</controlfield>
  <controlfield tag="005">20200103175007.0</controlfield>
  <controlfield tag="008">150808s2016    bl ach   b    000 0 por c</controlfield>
  <datafield tag="906" ind1=" " ind2=" ">
    <subfield code="a">7</subfield>
    <subfield code="b">cbc</subfield>
    <subfield code="c">pccadap</subfield>
    <subfield code="d">2</subfield>
    <subfield code="e">ncip</subfield>
    <subfield code="f">20</subfield>
    <subfield code="g">y-gencatlg</subfield>
  </datafield>
  <datafield tag="925" ind1="0" ind2=" ">
    <subfield code="a">acquire</subfield>
    <subfield code="b">1 shelf copy</subfield>
    <subfield code="x">policy default</subfield>
  </datafield>
  <datafield tag="955" ind1=" " ind2=" ">
    <subfield code="b">wr11 2019-05-10 z-processor</subfield>
    <subfield code="c">wr11 2019-05-10</subfield>
    <subfield code="d">wr11 2019-05-10</subfield>
    <subfield code="e">wr11 2019-05-10 to Dewey</subfield>
    <subfield code="a">be22 2019-11-29 Box 14 of 33 SRM received; sent to Dewey</subfield>
    <subfield code="w">xm09 2020-01-03</subfield>
  </datafield>
  <datafield tag="955" ind1=" " ind2=" ">
    <subfield code="b">wr15 2015-08-08</subfield>
    <subfield code="c">wr14 2018-06-28</subfield>
  </datafield>
  <datafield tag="010" ind1=" " ind2=" ">
    <subfield code="a">  2018343309</subfield>
  </datafield>
  <datafield tag="020" ind1=" " ind2=" ">
    <subfield code="a">9788594970077</subfield>
  </datafield>
  <datafield tag="020" ind1=" " ind2=" ">
    <subfield code="a">8594970072</subfield>
  </datafield>
  <datafield tag="035" ind1=" " ind2=" ">
    <subfield code="a">(OCoLC)on1078528523</subfield>
  </datafield>
  <datafield tag="040" ind1=" " ind2=" ">
    <subfield code="a">H7K</subfield>
    <subfield code="b">eng</subfield>
    <subfield code="c">H7K</subfield>
    <subfield code="e">rda</subfield>
    <subfield code="d">OCLCO</subfield>
    <subfield code="d">JPG</subfield>
    <subfield code="d">IQU</subfield>
    <subfield code="d">OCLCF</subfield>
    <subfield code="d">DLC</subfield>
  </datafield>
  <datafield tag="041" ind1="0" ind2=" ">
    <subfield code="a">por</subfield>
    <subfield code="b">eng</subfield>
  </datafield>
  <datafield tag="042" ind1=" " ind2=" ">
    <subfield code="a">lcode</subfield>
    <subfield code="a">pcc</subfield>
  </datafield>
  <datafield tag="043" ind1=" " ind2=" ">
    <subfield code="a">s-bl---</subfield>
    <subfield code="a">e-po---</subfield>
  </datafield>
  <datafield tag="050" ind1="0" ind2="0">
    <subfield code="a">N5202.B6</subfield>
    <subfield code="b">H57 2016</subfield>
  </datafield>
  <datafield tag="082" ind1="0" ind2="0">
    <subfield code="a">700.981</subfield>
    <subfield code="2">23</subfield>
  </datafield>
  <datafield tag="245" ind1="0" ind2="0">
    <subfield code="a">Histórias da arte em coleções :</subfield>
    <subfield code="b">modos de ver e exibir em Brasil e Portugal /</subfield>
    <subfield code="c">organizadores, Marize Malta, Maria João Neto, Ana Cavalcanti, Emerson Dionisio de Oliveira, Maria de Fátima Morethy Couto.</subfield>
  </datafield>
  <datafield tag="246" ind1="3" ind2="0">
    <subfield code="a">Modos de ver e exibir em Brasil e Portugal</subfield>
  </datafield>
  <datafield tag="250" ind1=" " ind2=" ">
    <subfield code="a">1a edição.</subfield>
  </datafield>
  <datafield tag="264" ind1=" " ind2="1">
    <subfield code="a">Rio de Janeiro, RJ :</subfield>
    <subfield code="b">Rio Books,</subfield>
    <subfield code="c">2016.</subfield>
  </datafield>
  <datafield tag="300" ind1=" " ind2=" ">
    <subfield code="a">221 pages :</subfield>
    <subfield code="b">illustrations (chiefly color), facsimiles, portraits ;</subfield>
    <subfield code="c">23 cm</subfield>
  </datafield>
  <datafield tag="336" ind1=" " ind2=" ">
    <subfield code="a">text</subfield>
    <subfield code="b">txt</subfield>
    <subfield code="2">rdacontent</subfield>
  </datafield>
  <datafield tag="337" ind1=" " ind2=" ">
    <subfield code="a">unmediated</subfield>
    <subfield code="b">n</subfield>
    <subfield code="2">rdamedia</subfield>
  </datafield>
  <datafield tag="338" ind1=" " ind2=" ">
    <subfield code="a">volume</subfield>
    <subfield code="b">nc</subfield>
    <subfield code="2">rdacarrier</subfield>
  </datafield>
  <datafield tag="546" ind1=" " ind2=" ">
    <subfield code="a">Text in Portuguese, abstracts in English.</subfield>
  </datafield>
  <datafield tag="500" ind1=" " ind2=" ">
    <subfield code="a">&quot;O presente livro se constitui parte dos trabalhos apresentados no II Colóquio Internacional Coleções de Arte em Portugal e Brasil nos séculos XIX e XX: Histórias e Conexões e no II Encontro Nacional do Grupo MODOS: Histórias da Arte em Coleções, que reuniu pesquisadores em 2015, especialmente portugueses e brasileiros...&quot;--Page 8.</subfield>
  </datafield>
  <datafield tag="504" ind1=" " ind2=" ">
    <subfield code="a">Includes bibliographical references.</subfield>
  </datafield>
  <datafield tag="505" ind1="0" ind2=" ">
    <subfield code="a">As coleções de arte e suas histórias / Marize Malta, Maria João Neto, Ana Cavalcanti, Emerson Dionísio de Oliveira, Maria de Fatima Morethy Couto -- Pinturas dos &apos;Primitivos&apos; nas antigas coleções reais do Rio de Janeiro e no atual Museu D. Joao VI / Vítor Serrão -- As coleções Lebreton e D. Joao VI e o início do colecionismo da Academia de Belas Artes do Rio de Janeiro / Sonia Gomes Pereira -- Os modelos de gessos de estátuas antigas da Academia Real de Belas Artes de Lisboa : valorização e salvaguarda de una coleção didática / Maria João Neto, Marta Frade -- Coleções da Viscondessa de Cavalcanti no Museu Mariano Procópio / Mariliza de Castro Vieira Christo -- Coleção Geyer : a polissemia de uma brasiliana / Maria Inez Turazzi -- A coleção de arte da Conde do Ameal : o leilão de 1921 e as aquisições do estado português para os museus nacionais / Clara Moura Soares -- Extraordinária desconhecida : a coleção de Eugênia e Jerônimo Ferreira das Naves / Marize Malta -- Coleção privada, juízos públicos : a narrativa do moderna na coleção Castro Maya / Vera Beatriz Siqueira -- Assis Chateaubriand entre artistas, obras, coleções e museus / Maria de Fátima Morethy Couto -- A coleção de Eros Martim Gonçalves e o Museu de Arte Popular da Bahia / Luiz Alberto Ribeiro Freire -- A coleção do Centro de Arte Moderna de Fundação Calouste Gulbenkian : contributos de artistas-bolsistas / Raquel Henriques da Silva -- Contemporâneo radical : modos de colecionar e de exibir na Fundação Vera Chaves Barcellos / Ana Maria Albani de Carvalho -- A invenção de Inhotim : uma paragem para arte contemporânea / Maria Angélica Melendi -- Coleção Dulce e João Carlos Figueiredo Ferraz : o espírito de cada época / Emerson Dionísio de Olveira.</subfield>
  </datafield>
  <datafield tag="520" ind1=" " ind2=" ">
    <subfield code="a">The research group Grupo de Pesquisa História da Arte: modos de ver, exibir e compreender, with the support of the Museu de Artes Visuais of Unicamp aims to relect on art, history of art and the artistic object in its various dimensions and materialization, from a multidisciplinary approaches. Accepting different points of view, it is of interest to the MODOS group to discuss the artistic object inserted in the practices of the lived, in the actions and reactions of its production, circulation, reception and disappearance. Due to research and scientific meetings, the group launches the series&quot;História da Arte em...&quot;. Each publication, in the form of a collection, proposes a thematic appeal to reflect on the conditions and transformations of aesthetic perception about the object, about its significations and on the rewrites of his stories. The group is also responsible for the electronic magazine MODOS, back to the discussion of places of exhibition, circulation, collections and narratives that institute how we perceive, interpret and disseminate artistic production and the object of art. &quot;Several researchers were invited to reflect on multiple and complex forms of collections, both private and public, Brazilian and Portuguese, protagonists or deprived, perceiving how these art works and their agents transit, navigate, cross times and borders.&quot; (HKB Translation)--Front flap.</subfield>
  </datafield>
  <datafield tag="650" ind1=" " ind2="0">
    <subfield code="a">Art</subfield>
    <subfield code="x">Collectors and collecting</subfield>
    <subfield code="z">Brazil</subfield>
    <subfield code="x">History</subfield>
    <subfield code="v">Congresses.</subfield>
  </datafield>
  <datafield tag="650" ind1=" " ind2="0">
    <subfield code="a">Art</subfield>
    <subfield code="x">Collectors and collecting</subfield>
    <subfield code="z">Portugal</subfield>
    <subfield code="x">History</subfield>
    <subfield code="v">Congresses.</subfield>
  </datafield>
  <datafield tag="650" ind1=" " ind2="0">
    <subfield code="a">Museums</subfield>
    <subfield code="x">Curatorship</subfield>
    <subfield code="z">Brazil</subfield>
    <subfield code="v">Congresses.</subfield>
  </datafield>
  <datafield tag="650" ind1=" " ind2="0">
    <subfield code="a">Museums</subfield>
    <subfield code="x">Curatorship</subfield>
    <subfield code="z">Portugal</subfield>
    <subfield code="v">Congresses.</subfield>
  </datafield>
  <datafield tag="650" ind1=" " ind2="0">
    <subfield code="a">Art</subfield>
    <subfield code="z">Brazil</subfield>
    <subfield code="x">History</subfield>
    <subfield code="v">Congresses.</subfield>
  </datafield>
  <datafield tag="650" ind1=" " ind2="0">
    <subfield code="a">Art</subfield>
    <subfield code="z">Portugal</subfield>
    <subfield code="x">History</subfield>
    <subfield code="v">Congresses.</subfield>
  </datafield>
  <datafield tag="700" ind1="1" ind2=" ">
    <subfield code="a">Malta, Marize,</subfield>
    <subfield code="e">editor.</subfield>
  </datafield>
  <datafield tag="700" ind1="1" ind2=" ">
    <subfield code="a">Neto, Maria João,</subfield>
    <subfield code="e">editor.</subfield>
  </datafield>
  <datafield tag="700" ind1="1" ind2=" ">
    <subfield code="a">Cavalcanti, Ana Maria Tavares,</subfield>
    <subfield code="e">editor.</subfield>
  </datafield>
  <datafield tag="700" ind1="1" ind2=" ">
    <subfield code="a">Oliveira, Emerson Dionisio G. de</subfield>
    <subfield code="q">(Emerson Dionisio Gomes de),</subfield>
    <subfield code="e">editor.</subfield>
  </datafield>
  <datafield tag="700" ind1="1" ind2=" ">
    <subfield code="a">Couto, Maria de Fátima Morethy,</subfield>
    <subfield code="e">editor.</subfield>
  </datafield>
  <datafield tag="710" ind1="2" ind2=" ">
    <subfield code="a">MODOS (Art research group).</subfield>
    <subfield code="b">Encontro Nacional</subfield>
    <subfield code="n">(2nd :</subfield>
    <subfield code="d">2015 :</subfield>
    <subfield code="c">Rio de Janeiro, Brazil)</subfield>
  </datafield>
  <datafield tag="711" ind1="2" ind2=" ">
    <subfield code="a">Colóquio Internacional Coleções de Arte em Portugal e Brasil nos séculos XIX e XX: Histórias e Conexões</subfield>
    <subfield code="n">(2nd :</subfield>
    <subfield code="d">2015 :</subfield>
    <subfield code="c">Rio de Janeiro, Brazil)</subfield>
  </datafield>
  <datafield tag="985" ind1=" " ind2=" ">
    <subfield code="e">ODE-rj</subfield>
  </datafield>
</record>