
<record>
  <leader>03075cam a22003257i 4500</leader>
  <controlfield tag="001">18736830</controlfield>
  <controlfield tag="005">20200103120733.0</controlfield>
  <controlfield tag="008">150810t20152015gw       b    000 0 ger  </controlfield>
  <datafield tag="906" ind1=" " ind2=" ">
    <subfield code="a">7</subfield>
    <subfield code="b">cbc</subfield>
    <subfield code="c">orignew</subfield>
    <subfield code="d">3</subfield>
    <subfield code="e">ncip</subfield>
    <subfield code="f">20</subfield>
    <subfield code="g">y-gencatlg</subfield>
  </datafield>
  <datafield tag="925" ind1="0" ind2=" ">
    <subfield code="a">acquire</subfield>
    <subfield code="b">1 shelf copy</subfield>
    <subfield code="x">policy default</subfield>
  </datafield>
  <datafield tag="955" ind1=" " ind2=" ">
    <subfield code="b">xk26 2017-08-03 z-processor</subfield>
    <subfield code="h">th70 2018-09-25 to BSLW</subfield>
  </datafield>
  <datafield tag="010" ind1=" " ind2=" ">
    <subfield code="a">  2015299306</subfield>
  </datafield>
  <datafield tag="020" ind1=" " ind2=" ">
    <subfield code="a">3631664508</subfield>
  </datafield>
  <datafield tag="020" ind1=" " ind2=" ">
    <subfield code="a">9783631664506</subfield>
  </datafield>
  <datafield tag="040" ind1=" " ind2=" ">
    <subfield code="a">DLC</subfield>
    <subfield code="b">eng</subfield>
    <subfield code="e">rda</subfield>
    <subfield code="c">DLC</subfield>
    <subfield code="d">DLC</subfield>
  </datafield>
  <datafield tag="050" ind1="0" ind2="0">
    <subfield code="a">PT2673.U29234</subfield>
    <subfield code="b">Z755 2015</subfield>
  </datafield>
  <datafield tag="100" ind1="1" ind2=" ">
    <subfield code="a">Leipelt-Tsai, Monika,</subfield>
    <subfield code="e">author.</subfield>
  </datafield>
  <datafield tag="245" ind1="1" ind2="0">
    <subfield code="a">Spalten-- Herta Müllers Textologie zwischen Psychoanalyse und Kulturtheorie /</subfield>
    <subfield code="c">Monika Leipelt-Tsai.</subfield>
  </datafield>
  <datafield tag="246" ind1="3" ind2="0">
    <subfield code="a">Herta Müllers Textologie zwischen Psychoanalyse und Kulturtheorie</subfield>
  </datafield>
  <datafield tag="264" ind1=" " ind2="1">
    <subfield code="a">Frankfurt am Main ;</subfield>
    <subfield code="a">New York :</subfield>
    <subfield code="b">Peter Lang Edition,</subfield>
    <subfield code="c">[2015]</subfield>
  </datafield>
  <datafield tag="264" ind1=" " ind2="4">
    <subfield code="c">©2015</subfield>
  </datafield>
  <datafield tag="300" ind1=" " ind2=" ">
    <subfield code="a">275 pages ;</subfield>
    <subfield code="c">22 cm</subfield>
  </datafield>
  <datafield tag="336" ind1=" " ind2=" ">
    <subfield code="a">text</subfield>
    <subfield code="b">txt</subfield>
    <subfield code="2">rdacontent</subfield>
  </datafield>
  <datafield tag="337" ind1=" " ind2=" ">
    <subfield code="a">unmediated</subfield>
    <subfield code="b">n</subfield>
    <subfield code="2">rdamedia</subfield>
  </datafield>
  <datafield tag="338" ind1=" " ind2=" ">
    <subfield code="a">volume</subfield>
    <subfield code="b">nc</subfield>
    <subfield code="2">rdacarrier</subfield>
  </datafield>
  <datafield tag="500" ind1=" " ind2=" ">
    <subfield code="a">Minimal Level Cataloging Plus</subfield>
    <subfield code="5">DLC</subfield>
  </datafield>
  <datafield tag="504" ind1=" " ind2=" ">
    <subfield code="a">Includes bibliographical references.</subfield>
  </datafield>
  <datafield tag="505" ind1="0" ind2=" ">
    <subfield code="a">Spalten-- Herta Müllers Texte. Eine Einleitung. Zu &quot;spalten&quot;, &quot;Spalten&quot; und &quot;Spaltung&quot;. Eine Entfaltung ; Spalte ; Provenienz und Aufteilung dieses Buches -- Muttersprache-- Fremdsprache. Herta Müllers Prosatext &quot;In jeder Sprache sitzen andere Augen.&quot; Poetologie ; 1.2 Muttersprache ; 1.3 Lücken, Spalten ; 1.4 Fremdheit ; 1.5 Tauschwert ; 1.6 Aneignen ; 1.7 Judofürze, oder das Politische der Sprache ; 1.8 Fremde Mutter-Sprache ; 1.9 Poetik der Verknüpfung -- Aufbruch und Bruch in Herta Müllers Roman &quot;Atemschaukel.&quot; 2.1 Schaukeln ; 2.2 Verfahren. Flunkern ; 2.3 VerIrrung ; 2.4 Abgesondert ; 2.5 Die in Gang gesetzte Zeit ; 2.6 The next day the deportations about to begin ; 2.7 Aufbrüche -- Genus und Riss in Herta Müllers Erzählung &quot;Der Mensch ist ein grosser Fasan auf der Welt.&quot; 3.1 Familienähnlichkeit als Abgrenzung ; 3.2 Mehr als ein literarisches Genre, und ein Er(d)beben ; 3.3 Die Frage des Namens ; 3.4 Erzählmodi, und die Poetik im &quot;Riss in der Pupille&quot; ; 3.5 Vater-- Falter ; 3.6 VerSehen. Ein Spalt im Lesefluss ; 3.7 Genus dicendi, und das Nichtwissen von Gender ; 3.8 Treuebruch ; 3.9 Repetitones : Die Spaltung der Beziehung und die Frage des Namens ; 3.10 Kreuztragende ; 3.11 Konsum als Religion des Kapitalismus ; 3.12 Eine andere Form von Familienchronik -- Weltliteratur an den Rändern. Unheimeligkeit (Unhomeliness) in Herta Müllers Prosatext &quot;Das Land am Nebentisch.&quot; 4.1 Unheimeligkeit (in) der modernen Welt ; 4.2 Im Konflikt ; 4.3 Zwischen den Zeiten ; 4.4 Drehungen der Landschaft ; 4.5 Unvertraute Vertrautheit ; 4.6 Wie ein Schimmer ; 4.7 Eine Zeitverschiebung ; 4.8 Eine Gegenwart, die keine ist ; 4.9 Oszillierend zwischen den Zeilen und Welten ; 4.10 Heimat, dekonstruiert -- Die Dichterin als &apos;Schneiderin&apos; : Spalten und Spaltung in einer Collage Herta Müllers. 5.1 Abspaltung von Autorschaft ; 5.2 EntZiffern?</subfield>
  </datafield>
  <datafield tag="600" ind1="1" ind2="0">
    <subfield code="a">Müller, Herta,</subfield>
    <subfield code="d">1953-</subfield>
    <subfield code="x">Criticism and interpretation.</subfield>
  </datafield>
  <datafield tag="985" ind1=" " ind2=" ">
    <subfield code="e">FLMC contract</subfield>
  </datafield>
</record>