
<record>
  <leader>02847cam a22003737i 4500</leader>
  <controlfield tag="001">18737282</controlfield>
  <controlfield tag="005">20200103150507.0</controlfield>
  <controlfield tag="008">150810s2016    nju      b    001 0deng  </controlfield>
  <datafield tag="906" ind1=" " ind2=" ">
    <subfield code="a">7</subfield>
    <subfield code="b">cbc</subfield>
    <subfield code="c">orignew</subfield>
    <subfield code="d">1</subfield>
    <subfield code="e">ecip</subfield>
    <subfield code="f">20</subfield>
    <subfield code="g">y-gencatlg</subfield>
  </datafield>
  <datafield tag="925" ind1="0" ind2=" ">
    <subfield code="a">acquire</subfield>
    <subfield code="b">1 shelf copy</subfield>
    <subfield code="x">policy default</subfield>
  </datafield>
  <datafield tag="955" ind1=" " ind2=" ">
    <subfield code="b">rm13 2015-08-10</subfield>
    <subfield code="i">rm13 2015-08-10 (telework)</subfield>
    <subfield code="w">xl03 2015-08-10</subfield>
    <subfield code="a">rm13 2015-09-10 eCIP chg. request</subfield>
    <subfield code="a">xn05 2016-07-07 1 copy rec&apos;d., to CIP ver.</subfield>
    <subfield code="f">rm06 2016-07-16 to CALM</subfield>
  </datafield>
  <datafield tag="010" ind1=" " ind2=" ">
    <subfield code="a">  2015024450</subfield>
  </datafield>
  <datafield tag="020" ind1=" " ind2=" ">
    <subfield code="a">9780813565941 (hardcover : alk. paper)</subfield>
  </datafield>
  <datafield tag="020" ind1=" " ind2=" ">
    <subfield code="a">9780813565934 (pbk. : alk. paper)</subfield>
  </datafield>
  <datafield tag="020" ind1=" " ind2=" ">
    <subfield code="z">9780813565958 (e-book (web pdf))</subfield>
  </datafield>
  <datafield tag="020" ind1=" " ind2=" ">
    <subfield code="z">9780813575735 (e-book (epub))</subfield>
  </datafield>
  <datafield tag="040" ind1=" " ind2=" ">
    <subfield code="a">DLC</subfield>
    <subfield code="b">eng</subfield>
    <subfield code="c">DLC</subfield>
    <subfield code="e">rda</subfield>
    <subfield code="d">DLC</subfield>
  </datafield>
  <datafield tag="043" ind1=" " ind2=" ">
    <subfield code="a">n-us---</subfield>
  </datafield>
  <datafield tag="050" ind1="0" ind2="0">
    <subfield code="a">HD6054.4.U6</subfield>
    <subfield code="b">J86 2016</subfield>
  </datafield>
  <datafield tag="082" ind1="0" ind2="0">
    <subfield code="a">338.092/520973</subfield>
    <subfield code="2">23</subfield>
  </datafield>
  <datafield tag="245" ind1="0" ind2="0">
    <subfield code="a">Juntures in women&apos;s leadership :</subfield>
    <subfield code="b">business /</subfield>
    <subfield code="c">edited by Lisa Hetfield and Dana M. Britton.</subfield>
  </datafield>
  <datafield tag="264" ind1=" " ind2="1">
    <subfield code="a">New Brunswick, New Jersey. :</subfield>
    <subfield code="b">Rutgers University Press,</subfield>
    <subfield code="c">[2016]</subfield>
  </datafield>
  <datafield tag="300" ind1=" " ind2=" ">
    <subfield code="a">xviii, 219 pages ;</subfield>
    <subfield code="c">23 cm.</subfield>
  </datafield>
  <datafield tag="336" ind1=" " ind2=" ">
    <subfield code="a">text</subfield>
    <subfield code="2">rdacontent</subfield>
  </datafield>
  <datafield tag="337" ind1=" " ind2=" ">
    <subfield code="a">unmediated</subfield>
    <subfield code="2">rdamedia</subfield>
  </datafield>
  <datafield tag="338" ind1=" " ind2=" ">
    <subfield code="a">volume</subfield>
    <subfield code="2">rdacarrier</subfield>
  </datafield>
  <datafield tag="490" ind1="0" ind2=" ">
    <subfield code="a">Junctures: Case studies in women&apos;s leadership</subfield>
  </datafield>
  <datafield tag="504" ind1=" " ind2=" ">
    <subfield code="a">Includes bibliographical references and index.</subfield>
  </datafield>
  <datafield tag="505" ind1="0" ind2=" ">
    <subfield code="a">Foreword -- Preface -- Acknowledgments -- Joann heffernan Heisen : enabling women&apos;s leadership at Johnson &amp; Johnson / Grace Howard and Dana M. Britton -- Sara Blakely : reinventing women&apos;s shapewear with spanx / Amanda Roberti and Lisa Hetfield -- Madam C.J. Walker : leadership grounded in social and racial uplift / Rosemary Ndubuizu and Lisa Hetfield -- Diane McCarthy : responding to crisis through connected leadership at Verizon / Kathleen E. McCollough and Lisa Hetfield -- Jane ni Dhulchaointigh : changing the world through participatory design / Laura Lovin and Dana M. Britton -- Ursula Burns : restructuring an American icon at Xerox / Rosemary Ndubuizu and Dana M. Britton -- Alice Waters : transforming American food / Stina Soderling and Lisa Hetfield -- Avid Modjtaba I: leading change at Wells Fargo / Amanda Roberti and Dana M. Britton -- Martha Stewart : the rise, fall, and comeback of a brand / Carolina Alonso Bejarano and Lisa Hetfield -- Barbara Krumsiek : putting social responsibility on the investment agenda / Crystal Bedley and Lisa Hetfield -- Roseline Marston : navigating transition in an employee owned firm at A.D. Marble &amp; Company / Carolina Alonso Bejarano and Dana M. Britton -- Subha Barry : changing the cultural dna at Merrill Lynch / Grace Howard and Dana M. Britton -- Contributors -- Index.</subfield>
  </datafield>
  <datafield tag="650" ind1=" " ind2="0">
    <subfield code="a">Women executives</subfield>
    <subfield code="z">United States.</subfield>
  </datafield>
  <datafield tag="650" ind1=" " ind2="0">
    <subfield code="a">Leadership in women</subfield>
    <subfield code="z">United States.</subfield>
  </datafield>
  <datafield tag="650" ind1=" " ind2="0">
    <subfield code="a">Social responsibility of business</subfield>
    <subfield code="z">United States.</subfield>
  </datafield>
  <datafield tag="651" ind1=" " ind2="0">
    <subfield code="a">United States</subfield>
    <subfield code="v">Biography.</subfield>
  </datafield>
  <datafield tag="700" ind1="1" ind2=" ">
    <subfield code="a">Hetfield, Lisa,</subfield>
    <subfield code="e">editor.</subfield>
  </datafield>
</record>