
<record>
  <leader>03027cam a22003617i 4500</leader>
  <controlfield tag="001">18738133</controlfield>
  <controlfield tag="005">20200103150507.0</controlfield>
  <controlfield tag="008">150807s2016    enk      b    001 0 eng  </controlfield>
  <datafield tag="906" ind1=" " ind2=" ">
    <subfield code="a">7</subfield>
    <subfield code="b">cbc</subfield>
    <subfield code="c">orignew</subfield>
    <subfield code="d">1</subfield>
    <subfield code="e">ecip</subfield>
    <subfield code="f">20</subfield>
    <subfield code="g">y-gencatlg</subfield>
  </datafield>
  <datafield tag="925" ind1="0" ind2=" ">
    <subfield code="a">acquire</subfield>
    <subfield code="b">1 shelf copy</subfield>
    <subfield code="x">policy default</subfield>
  </datafield>
  <datafield tag="955" ind1=" " ind2=" ">
    <subfield code="d">xl05 2015-08-14</subfield>
    <subfield code="w">xl05 2015-08-14 (telework)</subfield>
    <subfield code="a">xn11 2016-04-20 1 copy rec&apos;d., to CIP ver.</subfield>
    <subfield code="f">rm06 2016-06-07 to CALM</subfield>
  </datafield>
  <datafield tag="010" ind1=" " ind2=" ">
    <subfield code="a">  2015031117</subfield>
  </datafield>
  <datafield tag="020" ind1=" " ind2=" ">
    <subfield code="a">9781138025707 (hbk)</subfield>
  </datafield>
  <datafield tag="020" ind1=" " ind2=" ">
    <subfield code="z">9781315774947 (ebk)</subfield>
  </datafield>
  <datafield tag="035" ind1=" " ind2=" ">
    <subfield code="a">(DNLM)101665550</subfield>
  </datafield>
  <datafield tag="040" ind1=" " ind2=" ">
    <subfield code="a">DNLM/DLC</subfield>
    <subfield code="c">DLC</subfield>
    <subfield code="e">rda</subfield>
    <subfield code="d">DLC</subfield>
  </datafield>
  <datafield tag="050" ind1="0" ind2="0">
    <subfield code="a">HD6955</subfield>
    <subfield code="b">.C663 2016</subfield>
  </datafield>
  <datafield tag="082" ind1="0" ind2="0">
    <subfield code="a">306.3/6</subfield>
    <subfield code="2">23</subfield>
  </datafield>
  <datafield tag="245" ind1="0" ind2="0">
    <subfield code="a">Contemporary feminisms in social work practice /</subfield>
    <subfield code="c">edited by Sarah Wendt and Nicole Moulding.</subfield>
  </datafield>
  <datafield tag="264" ind1=" " ind2="1">
    <subfield code="a">Abingdon, Oxon ;</subfield>
    <subfield code="a">New York, NY :</subfield>
    <subfield code="b">Routledge, Taylor &amp; Francis Group,</subfield>
    <subfield code="c">2016.</subfield>
  </datafield>
  <datafield tag="300" ind1=" " ind2=" ">
    <subfield code="a">xvi, 315 pages ;</subfield>
    <subfield code="c">24 cm.</subfield>
  </datafield>
  <datafield tag="336" ind1=" " ind2=" ">
    <subfield code="a">text</subfield>
    <subfield code="2">rdacontent</subfield>
  </datafield>
  <datafield tag="337" ind1=" " ind2=" ">
    <subfield code="a">unmediated</subfield>
    <subfield code="2">rdamedia</subfield>
  </datafield>
  <datafield tag="338" ind1=" " ind2=" ">
    <subfield code="a">volume</subfield>
    <subfield code="2">rdacarrier</subfield>
  </datafield>
  <datafield tag="504" ind1=" " ind2=" ">
    <subfield code="a">Includes bibliographical references and index.</subfield>
  </datafield>
  <datafield tag="505" ind1="0" ind2=" ">
    <subfield code="a">Conversations about theory : feminism and social work / Sarah Wendt -- Feminist social work practice : implications for the twenty-first century / Melanie Shepard and Lake Dziengel -- Ethics and feminist social work / Annie Pullen Sansfaçon -- Feminism and social policy / Lesley Laing -- Feminism and the delivery of human services / Sue King and Deirdre Tedmanson -- Repositioning social work research in feminist epistemology, research, and praxis / Lia Bryant -- Feminism and community development : illustrating the rural / Margaret Alston -- &quot;Do something, change something&quot; : feminist leadership in social work / Mel Gray and Leanne Schubert -- Poverty alleviation in a globalised world : a feminist perspective / Lena Dominelli -- Talking up and listening well : dismantling whiteness and building reflexivity / Deirdre Tedmanson and Christine Fejo-King -- &quot;Something is missing here&quot; : weaving feminist theories into social work practice with refugees / Laurie Cook Heffron, Susanna Snyder, Karin Wachter, Maura Nsonwu, and Noël Busch-Armendariz -- Putting gender in the frame : feminist social work and mental health / Nicole Moulding -- Child wellbeing, mothering, and protection / Fiona Buchanan -- Domestic violence and feminism / Sarah Wendt -- Rape and sexual assault : using an intersectional feminist lens / Fiona Buchanan and Lynn Jamieson -- Homelessness and intersectional feminist practice / Carole Zufferey -- Sexuality, social work, and the feminist imaginary / Margaret Rowntree -- Constructing gender : feminist gerontology and social work practice / Jill Chonody and Barbra Teater -- Feminism and disability / Barbara Fawcett -- Engaging men in feminist social work : theory, politics, and practice / Bob Pease.</subfield>
  </datafield>
  <datafield tag="650" ind1="1" ind2="2">
    <subfield code="a">Social Work</subfield>
    <subfield code="x">methods.</subfield>
  </datafield>
  <datafield tag="650" ind1="2" ind2="2">
    <subfield code="a">Feminism.</subfield>
  </datafield>
  <datafield tag="650" ind1="2" ind2="2">
    <subfield code="a">Interpersonal Relations.</subfield>
  </datafield>
  <datafield tag="650" ind1="2" ind2="2">
    <subfield code="a">Women&apos;s Rights.</subfield>
  </datafield>
  <datafield tag="700" ind1="1" ind2=" ">
    <subfield code="a">Wendt, Sarah,</subfield>
    <subfield code="e">editor.</subfield>
  </datafield>
  <datafield tag="700" ind1="1" ind2=" ">
    <subfield code="a">Moulding, Nicole,</subfield>
    <subfield code="e">editor.</subfield>
  </datafield>
  <datafield tag="985" ind1=" " ind2=" ">
    <subfield code="a">NLMCIP</subfield>
    <subfield code="d">2015-08-11</subfield>
  </datafield>
</record>