
<record>
  <leader>03618cam a22004097i 4500</leader>
  <controlfield tag="001">18743442</controlfield>
  <controlfield tag="005">20200103120734.0</controlfield>
  <controlfield tag="008">150814s2015    nyu           000 0 eng  </controlfield>
  <datafield tag="906" ind1=" " ind2=" ">
    <subfield code="a">7</subfield>
    <subfield code="b">cbc</subfield>
    <subfield code="c">orignew</subfield>
    <subfield code="d">1</subfield>
    <subfield code="e">ecip</subfield>
    <subfield code="f">20</subfield>
    <subfield code="g">y-gencatlg</subfield>
  </datafield>
  <datafield tag="925" ind1="0" ind2=" ">
    <subfield code="a">acquire</subfield>
    <subfield code="b">1 shelf copy</subfield>
    <subfield code="x">policy default</subfield>
  </datafield>
  <datafield tag="955" ind1=" " ind2=" ">
    <subfield code="b">rl11 2015-08-14</subfield>
    <subfield code="i">rl11 2015-08-14 ONIX to Dewey</subfield>
    <subfield code="w">xl05 2015-08-14 (telework)</subfield>
    <subfield code="a">xn05 2015-10-22 1 copy rec&apos;d., to CIP ver.</subfield>
    <subfield code="a">rl00 2015-10-27 to SMA</subfield>
    <subfield code="f">rl02 2015-10-28 to BCCD</subfield>
  </datafield>
  <datafield tag="010" ind1=" " ind2=" ">
    <subfield code="a">  2015017959</subfield>
  </datafield>
  <datafield tag="020" ind1=" " ind2=" ">
    <subfield code="a">9781101902639 (paperback)</subfield>
  </datafield>
  <datafield tag="020" ind1=" " ind2=" ">
    <subfield code="z">9781101902646 (eBook)</subfield>
  </datafield>
  <datafield tag="040" ind1=" " ind2=" ">
    <subfield code="a">DLC</subfield>
    <subfield code="b">eng</subfield>
    <subfield code="c">DLC</subfield>
    <subfield code="e">rda</subfield>
    <subfield code="d">DLC</subfield>
  </datafield>
  <datafield tag="050" ind1="0" ind2="0">
    <subfield code="a">RM222.2</subfield>
    <subfield code="b">.B38474 2015</subfield>
  </datafield>
  <datafield tag="082" ind1="0" ind2="0">
    <subfield code="a">613.2/5</subfield>
    <subfield code="2">23</subfield>
  </datafield>
  <datafield tag="084" ind1=" " ind2=" ">
    <subfield code="a">HEA017000</subfield>
    <subfield code="a">HEA006000</subfield>
    <subfield code="a">HEA024000</subfield>
    <subfield code="2">bisacsh</subfield>
  </datafield>
  <datafield tag="100" ind1="1" ind2=" ">
    <subfield code="a">Barrett, Pearl.</subfield>
  </datafield>
  <datafield tag="245" ind1="1" ind2="0">
    <subfield code="a">Trim healthy mama plan :</subfield>
    <subfield code="b">the easy-does-it approach to vibrant health &amp; a slim waistline /</subfield>
    <subfield code="c">Pearl Barrett and Serene Allison.</subfield>
  </datafield>
  <datafield tag="246" ind1="3" ind2="0">
    <subfield code="a">Easy-does-it approach to vibrant health and a slim waistlin</subfield>
  </datafield>
  <datafield tag="250" ind1=" " ind2=" ">
    <subfield code="a">First edition.</subfield>
  </datafield>
  <datafield tag="264" ind1=" " ind2="1">
    <subfield code="a">New York :</subfield>
    <subfield code="b">Harmony,</subfield>
    <subfield code="c">[2015]</subfield>
  </datafield>
  <datafield tag="300" ind1=" " ind2=" ">
    <subfield code="a">xxii, 310 pages ;</subfield>
    <subfield code="c">24 cm</subfield>
  </datafield>
  <datafield tag="336" ind1=" " ind2=" ">
    <subfield code="a">text</subfield>
    <subfield code="2">rdacontent</subfield>
  </datafield>
  <datafield tag="337" ind1=" " ind2=" ">
    <subfield code="a">unmediated</subfield>
    <subfield code="2">rdamedia</subfield>
  </datafield>
  <datafield tag="338" ind1=" " ind2=" ">
    <subfield code="a">volume</subfield>
    <subfield code="2">rdacarrier</subfield>
  </datafield>
  <datafield tag="520" ind1=" " ind2=" ">
    <subfield code="a">&quot;Forget the Fad Diets, Join the Food Freedom Movement  Counting calories is out.  All the food groups are in.  Becoming trim and healthy doesn&apos;t have to be difficult or painstaking anymore.  After trying almost every fad diet out there, Serene Allison and Pearl Barrett, creators of the Trim Healthy Mama movement, took matters into their own hands. Through trial and error and much research, they created the TRIM HEALTHY MAMA PLAN, the breakthrough lifestyle program to help readers of all ages and stages get healthy, slim down and keep off the weight once and for all.  Based on the authors&apos; successful self-published book, this simplified, improved, practical plan shows readers a unique way to lose weight and get healthy by eliminating sugar, and still eating hearty, delicious food. The biblically-sound and highly effective eating approach centers on Satisfying meals (which include more fats and protein) and Energizing meals (which include more carbs and protein), as they are the key to success.  Scrumptious whole, unprocessed foods, including fats, blood sugar friendly grains, proteins, fruits, and vegetables, are eaten in a way that boosts metabolism, yet still fits into anyone&apos;s hectic lifestyle.  It&apos;s family friendly and effective for pregnant and nursing mothers, pre or post- menopausal women, and also those without weight or health issues--even men and growing children.  The book includes menu plans, a list of key super foods to eat on plan, time-saving tips, and pantry stocking and lifestyle advice to help readers successfully reach their goals.  Join the Trim Healthy Mama movement and along with thousands of others, discover the groundbreaking, easy-does-it, and delicious way to eat for health and weight loss&quot;--</subfield>
    <subfield code="c">Provided by publisher.</subfield>
  </datafield>
  <datafield tag="520" ind1=" " ind2=" ">
    <subfield code="a">&quot;Based on the New York Times bestselling, self-published book Trim Healthy Mama comes a simplified, practical guide to starting and succeeding this unique fad-free diet that teaches readers to stop cravings and boost energy while losing weight quickly and getting healthy&quot;--</subfield>
    <subfield code="c">Provided by publisher.</subfield>
  </datafield>
  <datafield tag="650" ind1=" " ind2="0">
    <subfield code="a">Reducing diets.</subfield>
  </datafield>
  <datafield tag="650" ind1=" " ind2="0">
    <subfield code="a">Nutrition.</subfield>
  </datafield>
  <datafield tag="650" ind1=" " ind2="0">
    <subfield code="a">Women</subfield>
    <subfield code="x">Health and hygiene.</subfield>
  </datafield>
  <datafield tag="650" ind1=" " ind2="7">
    <subfield code="a">HEALTH &amp; FITNESS / Nutrition.</subfield>
    <subfield code="2">bisacsh</subfield>
  </datafield>
  <datafield tag="650" ind1=" " ind2="7">
    <subfield code="a">HEALTH &amp; FITNESS / Diets.</subfield>
    <subfield code="2">bisacsh</subfield>
  </datafield>
  <datafield tag="650" ind1=" " ind2="7">
    <subfield code="a">HEALTH &amp; FITNESS / Women&apos;s Health.</subfield>
    <subfield code="2">bisacsh</subfield>
  </datafield>
  <datafield tag="700" ind1="1" ind2=" ">
    <subfield code="a">Allison, Serene.</subfield>
  </datafield>
  <datafield tag="856" ind1="4" ind2="2">
    <subfield code="3">Cover image</subfield>
    <subfield code="u">9781101902639.jpg</subfield>
  </datafield>
</record>