
<record>
  <leader>02640cam a22005777i 4500</leader>
  <controlfield tag="001">18749629</controlfield>
  <controlfield tag="005">20200103150508.0</controlfield>
  <controlfield tag="008">150819s2016    nyua     b    001 0 eng c</controlfield>
  <datafield tag="906" ind1=" " ind2=" ">
    <subfield code="a">7</subfield>
    <subfield code="b">cbc</subfield>
    <subfield code="c">pccadap</subfield>
    <subfield code="d">2</subfield>
    <subfield code="e">ncip</subfield>
    <subfield code="f">20</subfield>
    <subfield code="g">y-gencatlg</subfield>
  </datafield>
  <datafield tag="925" ind1="0" ind2=" ">
    <subfield code="a">acquire</subfield>
    <subfield code="b">1 shelf copy</subfield>
    <subfield code="x">Sel/rjc, 2016-05-06</subfield>
  </datafield>
  <datafield tag="955" ind1=" " ind2=" ">
    <subfield code="b">rm08 2016-06-04 z-processor</subfield>
    <subfield code="i">rm06 2016-06-10 to Dewey</subfield>
    <subfield code="w">xm06 2016-07-15</subfield>
  </datafield>
  <datafield tag="955" ind1=" " ind2=" ">
    <subfield code="a">pc20 2015-08-19</subfield>
    <subfield code="a">xn11 2016-05-31 1 copy rec&apos;d., to USASH</subfield>
  </datafield>
  <datafield tag="010" ind1=" " ind2=" ">
    <subfield code="a">  2015949655</subfield>
  </datafield>
  <datafield tag="020" ind1=" " ind2=" ">
    <subfield code="a">0198748485</subfield>
  </datafield>
  <datafield tag="020" ind1=" " ind2=" ">
    <subfield code="a">9780198748489</subfield>
  </datafield>
  <datafield tag="035" ind1=" " ind2=" ">
    <subfield code="a">(OCoLC)ocn920734961</subfield>
  </datafield>
  <datafield tag="040" ind1=" " ind2=" ">
    <subfield code="a">YDXCP</subfield>
    <subfield code="b">eng</subfield>
    <subfield code="c">YDXCP</subfield>
    <subfield code="e">rda</subfield>
    <subfield code="d">BDX</subfield>
    <subfield code="d">BTCTA</subfield>
    <subfield code="d">OCLCQ</subfield>
    <subfield code="d">NLE</subfield>
    <subfield code="d">OCLCO</subfield>
    <subfield code="d">HEBIS</subfield>
    <subfield code="d">RBN</subfield>
    <subfield code="d">TXA</subfield>
    <subfield code="d">OCLCF</subfield>
    <subfield code="d">DLC</subfield>
  </datafield>
  <datafield tag="043" ind1=" " ind2=" ">
    <subfield code="a">e------</subfield>
    <subfield code="a">aw-----</subfield>
    <subfield code="a">ff-----</subfield>
  </datafield>
  <datafield tag="050" ind1="0" ind2="0">
    <subfield code="a">HD4844</subfield>
    <subfield code="b">.U83 2016</subfield>
  </datafield>
  <datafield tag="082" ind1="0" ind2="0">
    <subfield code="a">331.7/94</subfield>
    <subfield code="2">23</subfield>
  </datafield>
  <datafield tag="245" ind1="0" ind2="0">
    <subfield code="a">Urban craftsmen and traders in the Roman world /</subfield>
    <subfield code="c">edited by Andrew Wilson and Miko Flohr.</subfield>
  </datafield>
  <datafield tag="250" ind1=" " ind2=" ">
    <subfield code="a">First edition.</subfield>
  </datafield>
  <datafield tag="264" ind1=" " ind2="1">
    <subfield code="a">New York, NY :</subfield>
    <subfield code="b">Oxford University Press,</subfield>
    <subfield code="c">2016.</subfield>
  </datafield>
  <datafield tag="300" ind1=" " ind2=" ">
    <subfield code="a">xvi, 408 pages :</subfield>
    <subfield code="b">illustrations ;</subfield>
    <subfield code="c">24 cm</subfield>
  </datafield>
  <datafield tag="336" ind1=" " ind2=" ">
    <subfield code="a">text</subfield>
    <subfield code="b">txt</subfield>
    <subfield code="2">rdacontent</subfield>
  </datafield>
  <datafield tag="337" ind1=" " ind2=" ">
    <subfield code="a">unmediated</subfield>
    <subfield code="b">n</subfield>
    <subfield code="2">rdamedia</subfield>
  </datafield>
  <datafield tag="338" ind1=" " ind2=" ">
    <subfield code="a">volume</subfield>
    <subfield code="b">nc</subfield>
    <subfield code="2">rdacarrier</subfield>
  </datafield>
  <datafield tag="490" ind1="1" ind2=" ">
    <subfield code="a">Oxford studies on the Roman economy</subfield>
  </datafield>
  <datafield tag="500" ind1=" " ind2=" ">
    <subfield code="a">&quot;The chapters in this volume have their origin in a workshop organized by the Oxford Roman Economy Project and held at Wolfson College, Oxford, United Kingdom, 21-23 July 2011.&quot;--Preface.</subfield>
  </datafield>
  <datafield tag="504" ind1=" " ind2=" ">
    <subfield code="a">Includes blbliographical references and index.</subfield>
  </datafield>
  <datafield tag="650" ind1=" " ind2="0">
    <subfield code="a">Artisans</subfield>
    <subfield code="z">Rome.</subfield>
  </datafield>
  <datafield tag="650" ind1=" " ind2="7">
    <subfield code="a">Artisans.</subfield>
    <subfield code="2">fast</subfield>
    <subfield code="0">(OCoLC)fst00817519</subfield>
  </datafield>
  <datafield tag="650" ind1=" " ind2="0">
    <subfield code="a">Industries</subfield>
    <subfield code="z">Rome.</subfield>
  </datafield>
  <datafield tag="651" ind1=" " ind2="0">
    <subfield code="a">Rome</subfield>
    <subfield code="x">Commerce.</subfield>
  </datafield>
  <datafield tag="651" ind1=" " ind2="0">
    <subfield code="a">Rome</subfield>
    <subfield code="x">Economic conditions.</subfield>
  </datafield>
  <datafield tag="650" ind1=" " ind2="7">
    <subfield code="a">Artisans.</subfield>
    <subfield code="2">fast</subfield>
    <subfield code="0">(OCoLC)fst00817519</subfield>
  </datafield>
  <datafield tag="650" ind1=" " ind2="7">
    <subfield code="a">Commerce.</subfield>
    <subfield code="2">fast</subfield>
    <subfield code="0">(OCoLC)fst00869279</subfield>
  </datafield>
  <datafield tag="650" ind1=" " ind2="7">
    <subfield code="a">Economic history.</subfield>
    <subfield code="2">fast</subfield>
    <subfield code="0">(OCoLC)fst00901974</subfield>
  </datafield>
  <datafield tag="650" ind1=" " ind2="7">
    <subfield code="a">Industries.</subfield>
    <subfield code="2">fast</subfield>
    <subfield code="0">(OCoLC)fst00971852</subfield>
  </datafield>
  <datafield tag="651" ind1=" " ind2="7">
    <subfield code="a">Rome (Empire)</subfield>
    <subfield code="2">fast</subfield>
    <subfield code="0">(OCoLC)fst01204885</subfield>
  </datafield>
  <datafield tag="650" ind1=" " ind2="7">
    <subfield code="a">Stadt</subfield>
    <subfield code="2">gnd</subfield>
    <subfield code="0">(DE-588)4056723-0</subfield>
    <subfield code="0">(DE-603)085157945</subfield>
  </datafield>
  <datafield tag="650" ind1=" " ind2="7">
    <subfield code="a">Handwerker</subfield>
    <subfield code="2">gnd</subfield>
    <subfield code="0">(DE-588)4023302-9</subfield>
    <subfield code="0">(DE-603)085057533</subfield>
  </datafield>
  <datafield tag="650" ind1=" " ind2="7">
    <subfield code="a">Händler</subfield>
    <subfield code="2">gnd</subfield>
    <subfield code="0">(DE-588)4221401-4</subfield>
    <subfield code="0">(DE-603)086143913</subfield>
  </datafield>
  <datafield tag="650" ind1=" " ind2="7">
    <subfield code="a">Wirtschaft</subfield>
    <subfield code="2">gnd</subfield>
    <subfield code="0">(DE-588)4066399-1</subfield>
    <subfield code="0">(DE-603)085186635</subfield>
  </datafield>
  <datafield tag="650" ind1=" " ind2="7">
    <subfield code="a">Gesellschaft</subfield>
    <subfield code="2">gnd</subfield>
    <subfield code="0">(DE-588)4020588-5</subfield>
    <subfield code="0">(DE-603)085049611</subfield>
  </datafield>
  <datafield tag="651" ind1=" " ind2="7">
    <subfield code="a">Römisches Reich</subfield>
    <subfield code="2">gnd</subfield>
    <subfield code="0">(DE-588)4076778-4</subfield>
    <subfield code="0">(DE-603)085217514</subfield>
  </datafield>
  <datafield tag="651" ind1=" " ind2="7">
    <subfield code="a">Mittelmeerraum</subfield>
    <subfield code="2">gnd</subfield>
    <subfield code="0">(DE-588)4074900-9</subfield>
    <subfield code="0">(DE-603)085211060</subfield>
  </datafield>
  <datafield tag="700" ind1="1" ind2=" ">
    <subfield code="a">Wilson, Andrew,</subfield>
    <subfield code="d">1968-</subfield>
    <subfield code="e">editor.</subfield>
  </datafield>
  <datafield tag="700" ind1="1" ind2=" ">
    <subfield code="a">Flohr, Miko,</subfield>
    <subfield code="e">editor.</subfield>
  </datafield>
  <datafield tag="830" ind1=" " ind2="0">
    <subfield code="a">Oxford studies on the Roman economy.</subfield>
  </datafield>
  <datafield tag="963" ind1=" " ind2=" ">
    <subfield code="a">Emily Hackett; phone: (44) 1865353974; email: emily.hackett@oup.com; bc: heather.melvin@oup.com</subfield>
  </datafield>
</record>