
<record>
  <leader>02363cam a2200469 i 4500</leader>
  <controlfield tag="001">18751213</controlfield>
  <controlfield tag="005">20200103164717.0</controlfield>
  <controlfield tag="008">150820s2013    bl a     b   s000 0 por  </controlfield>
  <datafield tag="906" ind1=" " ind2=" ">
    <subfield code="a">7</subfield>
    <subfield code="b">cbc</subfield>
    <subfield code="c">origode</subfield>
    <subfield code="d">2</subfield>
    <subfield code="e">ncip</subfield>
    <subfield code="f">20</subfield>
    <subfield code="g">y-gencatlg</subfield>
  </datafield>
  <datafield tag="925" ind1="0" ind2=" ">
    <subfield code="a">acquire</subfield>
    <subfield code="b">1 shelf copy</subfield>
    <subfield code="x">policy default</subfield>
  </datafield>
  <datafield tag="955" ind1=" " ind2=" ">
    <subfield code="b">wr18 2015-08-20</subfield>
    <subfield code="c">wr08 2019-08-14</subfield>
    <subfield code="d">wr08 2019-08-14</subfield>
    <subfield code="e">wr08 2019-08-14 to Dewey</subfield>
    <subfield code="a">be22 2019-11-21 Box 31 of 33 SRM received; sent to Dewey</subfield>
    <subfield code="w">xm09 2020-1-3</subfield>
  </datafield>
  <datafield tag="010" ind1=" " ind2=" ">
    <subfield code="a">  2015440452</subfield>
  </datafield>
  <datafield tag="020" ind1=" " ind2=" ">
    <subfield code="a">9788598928104</subfield>
  </datafield>
  <datafield tag="020" ind1=" " ind2=" ">
    <subfield code="a">8598928100</subfield>
  </datafield>
  <datafield tag="040" ind1=" " ind2=" ">
    <subfield code="a">DLC</subfield>
    <subfield code="b">eng</subfield>
    <subfield code="c">DLC</subfield>
    <subfield code="e">rda</subfield>
    <subfield code="d">DLC</subfield>
  </datafield>
  <datafield tag="041" ind1="1" ind2=" ">
    <subfield code="a">por</subfield>
    <subfield code="h">ger</subfield>
  </datafield>
  <datafield tag="042" ind1=" " ind2=" ">
    <subfield code="a">lcode</subfield>
    <subfield code="a">pcc</subfield>
  </datafield>
  <datafield tag="043" ind1=" " ind2=" ">
    <subfield code="a">s-bl---</subfield>
  </datafield>
  <datafield tag="050" ind1="0" ind2="0">
    <subfield code="a">F2561</subfield>
    <subfield code="b">.T494 2013</subfield>
  </datafield>
  <datafield tag="082" ind1="0" ind2="0">
    <subfield code="a">981/.52</subfield>
    <subfield code="2">23</subfield>
  </datafield>
  <datafield tag="100" ind1="0" ind2=" ">
    <subfield code="a">Therese,</subfield>
    <subfield code="c">Princess of Bavaria,</subfield>
    <subfield code="d">1850-1925,</subfield>
    <subfield code="e">author.</subfield>
  </datafield>
  <datafield tag="240" ind1="1" ind2="0">
    <subfield code="a">Meine Reise in den Brasilianischen Tropen.</subfield>
    <subfield code="n">Kapitel 16-18.</subfield>
    <subfield code="l">Portuguese</subfield>
  </datafield>
  <datafield tag="245" ind1="1" ind2="0">
    <subfield code="a">Viagem ao Espírito Santo 1888 :</subfield>
    <subfield code="b">viagem pelos trópicos brasileiros = Meine Reise in den Brasilianischen Tropen /</subfield>
    <subfield code="c">Princesa Teresa da Baviera ; tradução de Sara Baldus ; organização e notas de Júlio Bentivoglio.</subfield>
  </datafield>
  <datafield tag="246" ind1="3" ind2="0">
    <subfield code="a">Viagem pelos trópicos brasileiros</subfield>
  </datafield>
  <datafield tag="246" ind1="3" ind2="1">
    <subfield code="a">Meine Reise in den Brasilianischen Tropen</subfield>
  </datafield>
  <datafield tag="264" ind1=" " ind2="1">
    <subfield code="a">Vitória :</subfield>
    <subfield code="b">Arquivo Público do Estado do Espírito Santo,</subfield>
    <subfield code="c">2013.</subfield>
  </datafield>
  <datafield tag="300" ind1=" " ind2=" ">
    <subfield code="a">173 pages :</subfield>
    <subfield code="b">illustrations (some color) ;</subfield>
    <subfield code="c">21 cm.</subfield>
  </datafield>
  <datafield tag="336" ind1=" " ind2=" ">
    <subfield code="a">text</subfield>
    <subfield code="b">txt</subfield>
    <subfield code="2">rdacontent</subfield>
  </datafield>
  <datafield tag="337" ind1=" " ind2=" ">
    <subfield code="a">unmediated</subfield>
    <subfield code="b">n</subfield>
    <subfield code="2">rdamedia</subfield>
  </datafield>
  <datafield tag="338" ind1=" " ind2=" ">
    <subfield code="a">volume</subfield>
    <subfield code="b">nc</subfield>
    <subfield code="2">rdacarrier</subfield>
  </datafield>
  <datafield tag="490" ind1="0" ind2=" ">
    <subfield code="a">Coleção Canaã ;</subfield>
    <subfield code="v">volume 14</subfield>
  </datafield>
  <datafield tag="500" ind1=" " ind2=" ">
    <subfield code="a">&quot;Inclui &apos;Diário de viagem do Barão Maximiliano von Speidel.&quot;</subfield>
  </datafield>
  <datafield tag="500" ind1=" " ind2=" ">
    <subfield code="a">Portuguese translation of chapters XVI-XVIII and new critical materials.</subfield>
  </datafield>
  <datafield tag="500" ind1=" " ind2=" ">
    <subfield code="a">Originally published as: Meine Reise in den Brasilianischen Tropen. Berlin : Verlag von Dietrich Reimer, 1897.</subfield>
  </datafield>
  <datafield tag="504" ind1=" " ind2=" ">
    <subfield code="a">Includes bibliographical references (pages 163-173).</subfield>
  </datafield>
  <datafield tag="600" ind1="0" ind2="0">
    <subfield code="a">Therese,</subfield>
    <subfield code="c">Princess of Bavaria,</subfield>
    <subfield code="d">1850-1925</subfield>
    <subfield code="x">Travel</subfield>
    <subfield code="z">Brazil</subfield>
    <subfield code="z">Espírito Santo (State)</subfield>
  </datafield>
  <datafield tag="651" ind1=" " ind2="0">
    <subfield code="a">Espírito Santo (Brazil : State)</subfield>
    <subfield code="x">Description and travel.</subfield>
  </datafield>
  <datafield tag="700" ind1="1" ind2=" ">
    <subfield code="a">Baldus, Sara,</subfield>
    <subfield code="e">translator.</subfield>
  </datafield>
  <datafield tag="700" ind1="1" ind2=" ">
    <subfield code="a">Bentivoglio, Júlio César,</subfield>
    <subfield code="d">1970-</subfield>
    <subfield code="e">editor.</subfield>
  </datafield>
  <datafield tag="700" ind1="1" ind2="2">
    <subfield code="i">Container of (work):</subfield>
    <subfield code="a">Speidel, Maximilian,</subfield>
    <subfield code="c">Freiherr von,</subfield>
    <subfield code="d">1856-1943.</subfield>
    <subfield code="t">Diário de viagem.</subfield>
  </datafield>
  <datafield tag="710" ind1="1" ind2=" ">
    <subfield code="a">Espírito Santo (Brazil : State).</subfield>
    <subfield code="b">Arquivo Público Estadual,</subfield>
    <subfield code="e">issuing body.</subfield>
  </datafield>
  <datafield tag="985" ind1=" " ind2=" ">
    <subfield code="e">ODE-rj</subfield>
  </datafield>
</record>