
<record>
  <leader>02435cam a2200445 i 4500</leader>
  <controlfield tag="001">18753723</controlfield>
  <controlfield tag="005">20200103075055.0</controlfield>
  <controlfield tag="008">150821e201502  nyua     b    000 0dheb d</controlfield>
  <datafield tag="906" ind1=" " ind2=" ">
    <subfield code="a">7</subfield>
    <subfield code="b">cbc</subfield>
    <subfield code="c">copycat</subfield>
    <subfield code="d">3</subfield>
    <subfield code="e">ncip</subfield>
    <subfield code="f">20</subfield>
    <subfield code="g">y-nonroman</subfield>
  </datafield>
  <datafield tag="925" ind1="0" ind2=" ">
    <subfield code="a">acquire</subfield>
    <subfield code="b">1 shelf copy</subfield>
    <subfield code="x">policy default</subfield>
  </datafield>
  <datafield tag="955" ind1=" " ind2=" ">
    <subfield code="b">cd01 2015-08-21 z-processor JACKPHY;</subfield>
    <subfield code="a">cd00 2015-08-21 to ASME/IJ;</subfield>
    <subfield code="a">cd23 2018-10-22 to cd23 for full cat.;</subfield>
    <subfield code="i">cd23 2018-11-29 telework to Hebraic shelves;</subfield>
    <subfield code="a">cd23 2020-01-03 telework Bibframe ymey</subfield>
  </datafield>
  <datafield tag="010" ind1=" " ind2=" ">
    <subfield code="a">  2015456409</subfield>
  </datafield>
  <datafield tag="035" ind1=" " ind2=" ">
    <subfield code="a">(OCoLC)ocn912525589</subfield>
  </datafield>
  <datafield tag="040" ind1=" " ind2=" ">
    <subfield code="a">HUC</subfield>
    <subfield code="b">eng</subfield>
    <subfield code="e">rda</subfield>
    <subfield code="c">HUC</subfield>
    <subfield code="d">OCLCO</subfield>
    <subfield code="d">HLS</subfield>
    <subfield code="d">DLC</subfield>
  </datafield>
  <datafield tag="042" ind1=" " ind2=" ">
    <subfield code="a">lccopycat</subfield>
  </datafield>
  <datafield tag="050" ind1="0" ind2="0">
    <subfield code="a">BM755.L34</subfield>
    <subfield code="b">L36 2015</subfield>
  </datafield>
  <datafield tag="066" ind1=" " ind2=" ">
    <subfield code="c">(2</subfield>
  </datafield>
  <datafield tag="100" ind1="1" ind2=" ">
    <subfield code="6">880-01</subfield>
    <subfield code="a">Langner, Ira,</subfield>
    <subfield code="e">author.</subfield>
  </datafield>
  <datafield tag="880" ind1="1" ind2=" ">
    <subfield code="6">100-01/(2/r‏</subfield>
    <subfield code="a">‏לאנגנער, אורי.</subfield>
  </datafield>
  <datafield tag="245" ind1="1" ind2="0">
    <subfield code="6">880-02</subfield>
    <subfield code="a">Ginze or :</subfield>
    <subfield code="b">otsar balum shel Torah, Ḥasidut ṿe-yirʼat shamayim /</subfield>
    <subfield code="c">mi-tokh ketavim u-mikhtavim mi-bet genazaṿ shel rabenu maran ha-gaʼon ha-tsadiḳ Rabi Uri Langer, z. ts. ṿe-ḳ.l., Admor mi-Ḳniheniṭsh, Sṭreṭin.</subfield>
  </datafield>
  <datafield tag="880" ind1="1" ind2="0">
    <subfield code="6">245-02/(2/r‏</subfield>
    <subfield code="a">‏גנזי אור :‏</subfield>
    <subfield code="b">‏אוצר בלום של תורה, חסידות ויראת שמים /‏</subfield>
    <subfield code="c">‏מתוך כתבים ומכתבים מבית גנזיו של רבנו מרן הגאון הצדיק רבי אורי לאנגער, זצוק&quot;ל, אדמו&quot;ר מקניהעניטש, סטרעטין.</subfield>
  </datafield>
  <datafield tag="264" ind1=" " ind2="1">
    <subfield code="6">880-03</subfield>
    <subfield code="a">[Brooklyn, New York?] :</subfield>
    <subfield code="b">Yoʼel ben Sheraga Zeʼev Halbershṭam,</subfield>
    <subfield code="c">Ḥodesh Adar shenat 775 [February or March 2015].</subfield>
  </datafield>
  <datafield tag="880" ind1=" " ind2="1">
    <subfield code="6">264-03/(2/r‏</subfield>
    <subfield code="a">‏‪[Brooklyn, New York?] :‬‏</subfield>
    <subfield code="b">‏יואל בן שרגא זאב הלברשטאם,‏</subfield>
    <subfield code="c">‏חודש אדר שנת תשע&quot;ה.</subfield>
  </datafield>
  <datafield tag="300" ind1=" " ind2=" ">
    <subfield code="a">346 pages :</subfield>
    <subfield code="b">illustrations ;</subfield>
    <subfield code="c">25 cm</subfield>
  </datafield>
  <datafield tag="336" ind1=" " ind2=" ">
    <subfield code="a">text</subfield>
    <subfield code="b">txt</subfield>
    <subfield code="2">rdacontent</subfield>
  </datafield>
  <datafield tag="337" ind1=" " ind2=" ">
    <subfield code="a">unmediated</subfield>
    <subfield code="b">n</subfield>
    <subfield code="2">rdamedia</subfield>
  </datafield>
  <datafield tag="338" ind1=" " ind2=" ">
    <subfield code="a">volume</subfield>
    <subfield code="b">nc</subfield>
    <subfield code="2">rdacarrier</subfield>
  </datafield>
  <datafield tag="500" ind1=" " ind2=" ">
    <subfield code="6">880-04</subfield>
    <subfield code="a">&quot;Mahadurat Ṿerner&quot;--Cover.</subfield>
  </datafield>
  <datafield tag="880" ind1=" " ind2=" ">
    <subfield code="6">500-04/(2/r‏</subfield>
    <subfield code="a">‏״מהדורת ווערנער&quot;--Cover.</subfield>
  </datafield>
  <datafield tag="504" ind1=" " ind2=" ">
    <subfield code="a">Includes bibliographical references.</subfield>
  </datafield>
  <datafield tag="600" ind1="1" ind2="0">
    <subfield code="a">Langner, Ira.</subfield>
  </datafield>
  <datafield tag="650" ind1=" " ind2="0">
    <subfield code="a">Rabbis</subfield>
    <subfield code="v">Biography.</subfield>
  </datafield>
  <datafield tag="650" ind1=" " ind2="0">
    <subfield code="a">Rabbis</subfield>
    <subfield code="v">Correspondence.</subfield>
  </datafield>
  <datafield tag="650" ind1=" " ind2="0">
    <subfield code="a">Hasidim</subfield>
    <subfield code="v">Biography.</subfield>
  </datafield>
  <datafield tag="650" ind1=" " ind2="0">
    <subfield code="a">Hasidim</subfield>
    <subfield code="v">Correspondence.</subfield>
  </datafield>
  <datafield tag="650" ind1=" " ind2="0">
    <subfield code="a">Hasidism.</subfield>
  </datafield>
  <datafield tag="650" ind1=" " ind2="0">
    <subfield code="a">Responsa.</subfield>
  </datafield>
  <datafield tag="700" ind1="1" ind2=" ">
    <subfield code="6">880-05</subfield>
    <subfield code="a">Halbershṭam, Yoʼel ben Sheraga Zeʼev,</subfield>
    <subfield code="e">compiler,</subfield>
    <subfield code="e">publisher.</subfield>
  </datafield>
  <datafield tag="880" ind1="1" ind2=" ">
    <subfield code="6">700-05/(2/r‏</subfield>
    <subfield code="a">‏הלברשטאם, יואל בן שרגא זאב.</subfield>
  </datafield>
  <datafield tag="985" ind1=" " ind2=" ">
    <subfield code="a">BibframePilot2</subfield>
    <subfield code="e">20180504</subfield>
  </datafield>
</record>