
<record>
  <leader>02455cam a22003737i 4500</leader>
  <controlfield tag="001">18757882</controlfield>
  <controlfield tag="005">20200103150509.0</controlfield>
  <controlfield tag="008">150824s2016    cau      b    001 0 eng  </controlfield>
  <datafield tag="906" ind1=" " ind2=" ">
    <subfield code="a">7</subfield>
    <subfield code="b">cbc</subfield>
    <subfield code="c">orignew</subfield>
    <subfield code="d">1</subfield>
    <subfield code="e">ecip</subfield>
    <subfield code="f">20</subfield>
    <subfield code="g">y-gencatlg</subfield>
  </datafield>
  <datafield tag="925" ind1="0" ind2=" ">
    <subfield code="a">acquire</subfield>
    <subfield code="b">1 shelf copy</subfield>
    <subfield code="x">policy default</subfield>
  </datafield>
  <datafield tag="955" ind1=" " ind2=" ">
    <subfield code="b">rm15 2015-08-24</subfield>
    <subfield code="c">rm15 2015-08-24 ONIX</subfield>
    <subfield code="i">rm15 2015-08-24 (telework)</subfield>
    <subfield code="a">rm15 2015-08-24 to Dewey</subfield>
    <subfield code="w">xl03 2015-08-25</subfield>
    <subfield code="a">rm15 2015-08-28 (CIP chg. req.)</subfield>
    <subfield code="a">xn11 2016-03-24 1 copy rec&apos;d., to CIP ver.</subfield>
    <subfield code="f">rm06 2016-04-11 to CALM</subfield>
  </datafield>
  <datafield tag="010" ind1=" " ind2=" ">
    <subfield code="a">  2015031279</subfield>
  </datafield>
  <datafield tag="020" ind1=" " ind2=" ">
    <subfield code="a">9781440840166 (hardback)</subfield>
  </datafield>
  <datafield tag="020" ind1=" " ind2=" ">
    <subfield code="z">9781440840173 (ebook)</subfield>
  </datafield>
  <datafield tag="040" ind1=" " ind2=" ">
    <subfield code="a">DLC</subfield>
    <subfield code="b">eng</subfield>
    <subfield code="c">DLC</subfield>
    <subfield code="e">rda</subfield>
    <subfield code="d">DLC</subfield>
  </datafield>
  <datafield tag="050" ind1="0" ind2="0">
    <subfield code="a">HD38.2</subfield>
    <subfield code="b">.D427 2016</subfield>
  </datafield>
  <datafield tag="082" ind1="0" ind2="0">
    <subfield code="a">658.4/2</subfield>
    <subfield code="2">23</subfield>
  </datafield>
  <datafield tag="084" ind1=" " ind2=" ">
    <subfield code="a">BUS071000</subfield>
    <subfield code="a">BUS041000</subfield>
    <subfield code="2">bisacsh</subfield>
  </datafield>
  <datafield tag="100" ind1="1" ind2=" ">
    <subfield code="a">Decker, John C.,</subfield>
    <subfield code="e">author.</subfield>
  </datafield>
  <datafield tag="245" ind1="1" ind2="0">
    <subfield code="a">CEO :</subfield>
    <subfield code="b">mastering the corporate pyramid /</subfield>
    <subfield code="c">John Decker.</subfield>
  </datafield>
  <datafield tag="264" ind1=" " ind2="1">
    <subfield code="a">Santa Barbara, California :</subfield>
    <subfield code="b">Praeger, An Imprint of ABC-CLIO, LLC,</subfield>
    <subfield code="c">[2016]</subfield>
  </datafield>
  <datafield tag="300" ind1=" " ind2=" ">
    <subfield code="a">xv, 270 pages ;</subfield>
    <subfield code="c">25 cm</subfield>
  </datafield>
  <datafield tag="336" ind1=" " ind2=" ">
    <subfield code="a">text</subfield>
    <subfield code="2">rdacontent</subfield>
  </datafield>
  <datafield tag="337" ind1=" " ind2=" ">
    <subfield code="a">unmediated</subfield>
    <subfield code="2">rdamedia</subfield>
  </datafield>
  <datafield tag="338" ind1=" " ind2=" ">
    <subfield code="a">volume</subfield>
    <subfield code="2">rdacarrier</subfield>
  </datafield>
  <datafield tag="520" ind1=" " ind2=" ">
    <subfield code="a">&quot;How does a good CEO deliver value? An ideal resource for all aspiring executives, this book provides a comprehensive portrait of the CEO&apos;s role and a clearly defined roadmap for acquiring the skill set of a successful CEO. Written by an author who has extensive experience advising senior executives and who has interviewed multiple CEOs for this book. Offers a practical action plan and career suggestions based on real-world experience that will increase the likelihood that someone can reach a CEO-level position. Presents a unique, clear, and comprehensive picture and model of the CEO position that aspiring executives can use to quickly evaluate whether their aspirations are realistic or not. Provides fascinating insights on what CEOs actually do--valuable information for anyone who has to deal with CEOs in their work environment or is simply curious about what the role of CEO entails&quot;--</subfield>
    <subfield code="c">Provided by publisher.</subfield>
  </datafield>
  <datafield tag="504" ind1=" " ind2=" ">
    <subfield code="a">Includes bibliographical references and index.</subfield>
  </datafield>
  <datafield tag="650" ind1=" " ind2="0">
    <subfield code="a">Chief executive officers.</subfield>
  </datafield>
  <datafield tag="650" ind1=" " ind2="0">
    <subfield code="a">Executive ability.</subfield>
  </datafield>
  <datafield tag="650" ind1=" " ind2="0">
    <subfield code="a">Leadership.</subfield>
  </datafield>
  <datafield tag="650" ind1=" " ind2="0">
    <subfield code="a">Career development.</subfield>
  </datafield>
  <datafield tag="650" ind1=" " ind2="7">
    <subfield code="a">BUSINESS &amp; ECONOMICS / Leadership.</subfield>
    <subfield code="2">bisacsh</subfield>
  </datafield>
  <datafield tag="650" ind1=" " ind2="7">
    <subfield code="a">BUSINESS &amp; ECONOMICS / Management.</subfield>
    <subfield code="2">bisacsh</subfield>
  </datafield>
  <datafield tag="963" ind1=" " ind2=" ">
    <subfield code="a">N. Magendra Varman; phone: 91-44-6604 6073; email: Magendra.Varman@luminad.com; bc: rtutt@abc-clio.com</subfield>
  </datafield>
</record>