
<record>
  <leader>04419cam a22004337i 4500</leader>
  <controlfield tag="001">18759535</controlfield>
  <controlfield tag="005">20200103150509.0</controlfield>
  <controlfield tag="008">150825t20162016enka     b    001 0 eng c</controlfield>
  <datafield tag="906" ind1=" " ind2=" ">
    <subfield code="a">7</subfield>
    <subfield code="b">cbc</subfield>
    <subfield code="c">pccadap</subfield>
    <subfield code="d">2</subfield>
    <subfield code="e">ncip</subfield>
    <subfield code="f">20</subfield>
    <subfield code="g">y-gencatlg</subfield>
  </datafield>
  <datafield tag="925" ind1="0" ind2=" ">
    <subfield code="a">acquire</subfield>
    <subfield code="b">1 shelf copy</subfield>
    <subfield code="x">policy default</subfield>
  </datafield>
  <datafield tag="955" ind1=" " ind2=" ">
    <subfield code="b">rm05 2018-05-09 z-processor</subfield>
    <subfield code="i">rm05 2018-08-07 to Dewey</subfield>
  </datafield>
  <datafield tag="955" ind1=" " ind2=" ">
    <subfield code="a">pc15 2015-08-25</subfield>
  </datafield>
  <datafield tag="010" ind1=" " ind2=" ">
    <subfield code="a">  2015950296</subfield>
  </datafield>
  <datafield tag="020" ind1=" " ind2=" ">
    <subfield code="a">1784719374</subfield>
  </datafield>
  <datafield tag="020" ind1=" " ind2=" ">
    <subfield code="a">9781784719371</subfield>
  </datafield>
  <datafield tag="035" ind1=" " ind2=" ">
    <subfield code="a">(OCoLC)ocn923851557</subfield>
  </datafield>
  <datafield tag="040" ind1=" " ind2=" ">
    <subfield code="a">YDXCP</subfield>
    <subfield code="b">eng</subfield>
    <subfield code="c">YDXCP</subfield>
    <subfield code="e">rda</subfield>
    <subfield code="d">BTCTA</subfield>
    <subfield code="d">CDX</subfield>
    <subfield code="d">WURST</subfield>
    <subfield code="d">OCLCO</subfield>
    <subfield code="d">OCLCQ</subfield>
    <subfield code="d">NDD</subfield>
    <subfield code="d">OCLCF</subfield>
    <subfield code="d">CHVBK</subfield>
    <subfield code="d">CN3HA</subfield>
    <subfield code="d">MUU</subfield>
    <subfield code="d">OBE</subfield>
    <subfield code="d">GYG</subfield>
    <subfield code="d">DLC</subfield>
  </datafield>
  <datafield tag="043" ind1=" " ind2=" ">
    <subfield code="a">d------</subfield>
  </datafield>
  <datafield tag="050" ind1="0" ind2="0">
    <subfield code="a">HD1491.5</subfield>
    <subfield code="b">.C667 2016</subfield>
  </datafield>
  <datafield tag="245" ind1="0" ind2="0">
    <subfield code="a">Cooperatives, economic democratization and rural development /</subfield>
    <subfield code="c">edited by Jos Bijman, Roldan Muradian, Jur Schuurman.</subfield>
  </datafield>
  <datafield tag="264" ind1=" " ind2="1">
    <subfield code="a">Cheltenham, UK :</subfield>
    <subfield code="b">Edward Elgar Publishing,</subfield>
    <subfield code="c">[2016]</subfield>
  </datafield>
  <datafield tag="264" ind1=" " ind2="4">
    <subfield code="c">©2016</subfield>
  </datafield>
  <datafield tag="300" ind1=" " ind2=" ">
    <subfield code="a">xii, 310 pages :</subfield>
    <subfield code="b">illustrations ;</subfield>
    <subfield code="c">24 cm</subfield>
  </datafield>
  <datafield tag="336" ind1=" " ind2=" ">
    <subfield code="a">text</subfield>
    <subfield code="b">txt</subfield>
    <subfield code="2">rdacontent</subfield>
  </datafield>
  <datafield tag="337" ind1=" " ind2=" ">
    <subfield code="a">unmediated</subfield>
    <subfield code="b">n</subfield>
    <subfield code="2">rdamedia</subfield>
  </datafield>
  <datafield tag="338" ind1=" " ind2=" ">
    <subfield code="a">volume</subfield>
    <subfield code="b">nc</subfield>
    <subfield code="2">rdacarrier</subfield>
  </datafield>
  <datafield tag="504" ind1=" " ind2=" ">
    <subfield code="a">Includes bibliographical references and index.</subfield>
  </datafield>
  <datafield tag="505" ind1="8" ind2=" ">
    <subfield code="a">The changing nature of farmer collective action: introduction to the book / Jos Bijman -- The progressive participation of rural producer organizations in the policy debate: lessons from the experience of West Africa / Denis Pesche and Bruno Losch -- Cooperatives in rural development and poverty alleviation / Markus Hanisch -- Smallholder organization through farmer (producer) companies for modern markets: experiences of Sri Lanka and India / Sukhpal Singh -- Markets access and agricultural productivity growth in developed countries: challenges and opportunities for producer organizations / Bekele Shiferaw, Jon Hellin and Geoffrey Muricho -- Social capital and agricultural cooperatives: experimental evidence from Ethiopia / Annemarie Groot Kormelinck [and 3 others] -- Towards inclusive rural development? effects of governance on economic equality in Uganda&apos;s coffee cooperatives / Karin Wedig -- &apos;Informal virtues&apos; and &apos;formal vices&apos;? understanding the implications of producer organizations for pastoralists in India / Stefano Pascucci and Jessica Duncan -- Centralized versus individual: governance of farmer professional cooperatives in China / Xiangping Jia, Yamei Hu and George Hendrikse -- Smallholder dairy entities in East Africa: challenges and opportunities / David J. O&apos;Brien and Michael L. Cook -- Growth, democracy and income equality: cooperatives, the development impact beyond membership benefits / Kees Blokland and Jur Schuurman -- Transformation, inclusiveness and tensions of cooperatives: synthesis and further research / Jos Bijman, Roldan Muradian and Jur Schuurman.</subfield>
  </datafield>
  <datafield tag="520" ind1=" " ind2=" ">
    <subfield code="a">Agricultural cooperatives and producer organizations are institutional innovations which have the potential to reduce poverty and improve food security. This book presents a raft of international case studies, from developing and transition countries, to analyse the internal and external challenges that these complex organizations face and the solutions that they have developed. The contributors provide an increased understanding of the transformation of traditional community organizations into modern farmer-owned businesses. They cover issues including: the impact on rural development and inclusiveness, the role of social capital, formal versus informal organizations, democratic participation and member relations, and their role in value chains. Students and scholars will find the book&apos;s mutlidisciplinary approach useful in their research. It will also be of interest to policy-makers seeking to understand the wide diversity of organizational forms and functions. NGOs, donors and governments seeking to support rural developments will benefit from the discussions raised in this book. -- from back cover.</subfield>
  </datafield>
  <datafield tag="650" ind1=" " ind2="0">
    <subfield code="a">Agriculture, Cooperative</subfield>
    <subfield code="z">Developing countries.</subfield>
  </datafield>
  <datafield tag="650" ind1=" " ind2="7">
    <subfield code="a">Agriculture, Cooperative.</subfield>
    <subfield code="2">fast</subfield>
    <subfield code="0">(OCoLC)fst00801781</subfield>
  </datafield>
  <datafield tag="651" ind1=" " ind2="7">
    <subfield code="a">Developing countries.</subfield>
    <subfield code="2">fast</subfield>
    <subfield code="0">(OCoLC)fst01242969</subfield>
  </datafield>
  <datafield tag="650" ind1=" " ind2="7">
    <subfield code="a">Agrarkooperative.</subfield>
    <subfield code="2">gnd</subfield>
    <subfield code="0">(DE-588)4073997-1</subfield>
  </datafield>
  <datafield tag="650" ind1=" " ind2="7">
    <subfield code="a">Ländliche Entwicklung.</subfield>
    <subfield code="2">gnd</subfield>
    <subfield code="0">(DE-588)4034450-2</subfield>
  </datafield>
  <datafield tag="650" ind1=" " ind2="7">
    <subfield code="a">Demokratisierung.</subfield>
    <subfield code="2">gnd</subfield>
    <subfield code="0">(DE-588)4124941-0</subfield>
  </datafield>
  <datafield tag="651" ind1=" " ind2="7">
    <subfield code="a">Entwicklungsländer.</subfield>
    <subfield code="2">gnd</subfield>
    <subfield code="0">(DE-588)4014954-7</subfield>
  </datafield>
  <datafield tag="700" ind1="1" ind2=" ">
    <subfield code="a">Bijman, Jos,</subfield>
    <subfield code="e">editor.</subfield>
  </datafield>
  <datafield tag="700" ind1="1" ind2=" ">
    <subfield code="a">Muradian, Roldan,</subfield>
    <subfield code="e">editor.</subfield>
  </datafield>
  <datafield tag="700" ind1="1" ind2=" ">
    <subfield code="a">Schuurman, Jur,</subfield>
    <subfield code="e">editor.</subfield>
  </datafield>
</record>