
<record>
  <leader>02870cam a22003137i 4500</leader>
  <controlfield tag="001">18765917</controlfield>
  <controlfield tag="005">20200103120741.0</controlfield>
  <controlfield tag="008">150901s2015    paua     b    000 0 eng c</controlfield>
  <datafield tag="906" ind1=" " ind2=" ">
    <subfield code="a">7</subfield>
    <subfield code="b">cbc</subfield>
    <subfield code="c">pccadap</subfield>
    <subfield code="d">2</subfield>
    <subfield code="e">ncip</subfield>
    <subfield code="f">20</subfield>
    <subfield code="g">y-gencatlg</subfield>
  </datafield>
  <datafield tag="925" ind1="0" ind2=" ">
    <subfield code="a">acquire</subfield>
    <subfield code="b">2 shelf copies</subfield>
    <subfield code="x">Sel/ddw, 2015-09-02</subfield>
  </datafield>
  <datafield tag="955" ind1=" " ind2=" ">
    <subfield code="b">xn12 2015-09-01 z-processor to USASH</subfield>
    <subfield code="i">rk11 2015-09-09 to SciRR</subfield>
  </datafield>
  <datafield tag="010" ind1=" " ind2=" ">
    <subfield code="a">  2015934188</subfield>
  </datafield>
  <datafield tag="020" ind1=" " ind2=" ">
    <subfield code="a">9781605950235</subfield>
  </datafield>
  <datafield tag="020" ind1=" " ind2=" ">
    <subfield code="a">1605950238</subfield>
  </datafield>
  <datafield tag="035" ind1=" " ind2=" ">
    <subfield code="a">(OCoLC)ocn908032417</subfield>
  </datafield>
  <datafield tag="040" ind1=" " ind2=" ">
    <subfield code="a">INU</subfield>
    <subfield code="b">eng</subfield>
    <subfield code="e">rda</subfield>
    <subfield code="c">INU</subfield>
    <subfield code="d">YDXCP</subfield>
    <subfield code="d">DLC</subfield>
  </datafield>
  <datafield tag="050" ind1="0" ind2="0">
    <subfield code="a">TD196.N36</subfield>
    <subfield code="b">L54 2015</subfield>
  </datafield>
  <datafield tag="245" ind1="0" ind2="0">
    <subfield code="a">Life cycle analysis of nanoparticles :</subfield>
    <subfield code="b">risk, assessment, and sustainability /</subfield>
    <subfield code="c">edited by Ashok Vaseashta, Ph.D., Director of Research, International Clean Water Institute and Institute for Advanced Sciences Convergence, NUARI, Northfield, Vermont, USA.</subfield>
  </datafield>
  <datafield tag="264" ind1=" " ind2="1">
    <subfield code="a">Lancaster, Pennsylvania :</subfield>
    <subfield code="b">DEStech Publications, Inc.,</subfield>
    <subfield code="c">[2015]</subfield>
  </datafield>
  <datafield tag="300" ind1=" " ind2=" ">
    <subfield code="a">xxvii, 376 pages :</subfield>
    <subfield code="b">illustrations ;</subfield>
    <subfield code="c">24 cm</subfield>
  </datafield>
  <datafield tag="336" ind1=" " ind2=" ">
    <subfield code="a">text</subfield>
    <subfield code="b">txt</subfield>
    <subfield code="2">rdacontent</subfield>
  </datafield>
  <datafield tag="337" ind1=" " ind2=" ">
    <subfield code="a">unmediated</subfield>
    <subfield code="b">n</subfield>
    <subfield code="2">rdamedia</subfield>
  </datafield>
  <datafield tag="338" ind1=" " ind2=" ">
    <subfield code="a">volume</subfield>
    <subfield code="b">nc</subfield>
    <subfield code="2">rdacarrier</subfield>
  </datafield>
  <datafield tag="504" ind1=" " ind2=" ">
    <subfield code="a">Includes bibliographical references and index.</subfield>
  </datafield>
  <datafield tag="505" ind1="0" ind2="0">
    <subfield code="t">Sustainability by design /</subfield>
    <subfield code="r">Ashok Vaseashta --</subfield>
    <subfield code="t">Nanomaterials life cycle assessment : framing the opportunities and challenges /</subfield>
    <subfield code="r">Mary Ann Curran --</subfield>
    <subfield code="t">Life cycle modelling /</subfield>
    <subfield code="r">Srdjan Glisovic --</subfield>
    <subfield code="t">Risk mitigation via optimal sensor placement for LCA in water /</subfield>
    <subfield code="r">Urmila M. Diwekar --</subfield>
    <subfield code="t">LCA in the broader scope of societal values /</subfield>
    <subfield code="r">Lise Laurin --</subfield>
    <subfield code="t">Nanopathology--</subfield>
    <subfield code="t">risk assessment of mysterious cryptogenic diseases /</subfield>
    <subfield code="r">Antonietta M. Gatti, Stefano Montanari and Ashok Vaseashta --</subfield>
    <subfield code="t">Nanomaterials related environmental and toxicological peculiarities /</subfield>
    <subfield code="r">Oleksii, Kharlamov, Ganna Kharlamova, Marina Bondarenko, Nadezhda Gubareni, Maria Frolova and Veniamin Fomenko --</subfield>
    <subfield code="t">Electrochemical sensors for biomolecular recognitions /</subfield>
    <subfield code="r">Arzum Erdem --</subfield>
    <subfield code="t">Enzyme-based biosensors for trace detection /</subfield>
    <subfield code="r">E. Gyorgy and I.N. Mihailescu --</subfield>
    <subfield code="t">Surface functionalization of semiconductor nanoparticles /</subfield>
    <subfield code="r">Marie-Isabelle Baraton --</subfield>
    <subfield code="t">Nanotechnology and sustainability--</subfield>
    <subfield code="t">current status and future challenges /</subfield>
    <subfield code="r">Teresa M. Mata, António A. Martins, Carlos A.V. Costa and Subhas K. Sikdar --</subfield>
    <subfield code="t">Membranes : potential solution for sustainable development /</subfield>
    <subfield code="r">Alessandra Criscuoli --</subfield>
    <subfield code="t">Photo-electrochemical production of hydrogen and in situ storage of hydrogen for energy sustainability /</subfield>
    <subfield code="r">Roel van de Krol, Dana Perniu, Yongqi Liang, Hans van &apos;t Spijker and Joop Schoonman --</subfield>
    <subfield code="t">Green infrastructures development in the sustainability framework /</subfield>
    <subfield code="r">Fokion K. Vosniakos, Alexandros Maoukaris, Mariana Golumbeanu, Efthymios Karakolios, Konstantinos F. Vosniakos and Stelios Mimis.</subfield>
  </datafield>
  <datafield tag="650" ind1=" " ind2="0">
    <subfield code="a">Nanoparticles</subfield>
    <subfield code="x">Environmental aspects.</subfield>
  </datafield>
  <datafield tag="650" ind1=" " ind2="0">
    <subfield code="a">Product life cycle.</subfield>
  </datafield>
  <datafield tag="700" ind1="1" ind2=" ">
    <subfield code="a">Vaseashta, A.</subfield>
    <subfield code="q">(Ashok),</subfield>
    <subfield code="e">editor.</subfield>
  </datafield>
  <datafield tag="991" ind1=" " ind2=" ">
    <subfield code="b">r-SciRR</subfield>
    <subfield code="h">TD196.N36</subfield>
    <subfield code="i">L54 2015</subfield>
    <subfield code="t">Copy 1</subfield>
  </datafield>
</record>